1277 2193
69 126 121 164 86
354 134 624 163 AMPHITRUO.
664 134 745 162 ACT.
767 133 803 162 v.
832 134 933 163 scm.
955 134 980 162 1.

146 232 277 273 Quem
305 246 436 271 omnes
465 233 641 270 mortales
664 232 852 283 ignorant,
873 240 911 270 et
929 232 1138 282 ludificant,
1159 240 1200 271 ut

304 298 419 335 lubet.

148 362 306 400 Certum
327 364 385 409 'st,
407 363 678 411 introrumpam
699 362 737 399 in
757 363 913 409 aedibus,
929 362 994 399 ubi
1014 375 1200 412 quemque

304 427 496 464 hominem
518 439 709 476 aspexero,

89 498 129 529 15
148 492 238 529 Sive
276 492 465 538 ancillam,
499 491 576 528 sive
613 504 771 538 servom,
806 492 884 528 sive
920 505 1089 539 uxorem,
1122 492 1200 529 sive

307 557 529 603 adulterum,

148 623 224 659 Seu
257 629 414 671 patrem,
448 621 525 659 sive
564 634 671 658 avom
708 621 857 667 videbo,
891 620 1128 658 obtruncabo
1161 621 1200 658 in

306 686 461 723 aedibus.

147 750 285 799 Neque
314 763 374 787 me
402 751 588 799 Juppiter,
610 763 732 799 neque
753 750 790 787 di
819 762 950 787 omnes
970 750 1009 787 id
1027 750 1201 799 prohibe·

304 815 410 860 bunt,
431 814 461 850 si
482 815 617 851 volent.

146 878 256 918 Quin
276 879 332 915 sio
352 879 488 915 faciam
508 879 562 915 uti
582 878 761 915 constitui
778 892 784 915 ι
813 891 969 928 pergam
989 878 1027 915 in
1056 878 1200 916 aedibus

304 956 408 980 nuno
422 943 509 993 jam.

420 1144 583 1178 ACTUS
616 1144 659 1177 V.
709 1143 871 1178 SCENA
902 1143 928 1176 l.

437 1266 607 1302 BROMIA.
648 1266 904 1302 AMPHITRUO.

201 1397 275 1435 Br.
306 1397 405 1434 Spns
428 1402 538 1444 atque
557 1406 646 1444 opes
667 1394 751 1431 vitae
779 1407 871 1431 meae
896 1394 1025 1444 jacent
1044 1395 1198 1444 sepultae

305 1461 344 1498 in
363 1467 530 1510 pectore,

150 1525 287 1575 Neque
320 1525 398 1562 ulla
429 1525 475 1560 'st
509 1522 739 1560 confidentia
770 1522 848 1572 jam
880 1535 965 1560 meo
997 1523 1036 1560 in
1070 1523 1197 1571 corde,

306 1588 397 1638 quin
418 1587 626 1632 amiserim3

150 1653 211 1691 Ita
241 1653 334 1690 mihi
369 1653 544 1689 videntur
581 1651 721 1698 omnia,
754 1664 869 1697 mare,
902 1658 1013 1699 terra,
1046 1652 1197 1698 melum,

309 1716 503 1765 consequi,

152 1781 237 1818 Jam
258 1787 300 1818 ut
318 1781 518 1830 opprimar,
539 1787 579 1817 ut
598 1780 737 1817 enicer.
794 1779 860 1817 Me
882 1779 1076 1817 miseram!
1107 1779 1197 1829 quid

310 1856 418 1895 agam
437 1844 577 1882 nescio.

114 1915 136 1947 5
153 1909 211 1948 Ita
229 1915 333 1948 tanta
352 1909 447 1947 mira
473 1909 512 1948 in
533 1909 675 1948 aedibus
694 1916 781 1948 sunt
800 1909 907 1949 faeta.
963 1909 1032 1948 Vae
1052 1907 1197 1946 miserae

310 1972 423 2011 mihi!
