1277 2193
265 121 536 151 AMPHITRUO.
577 122 659 150 ACT.
681 120 721 150 11.
749 121 850 149 Seme.
871 121 898 149 2.
1126 113 1179 151 57

44 221 111 260 Al.
142 221 240 259 Haec
259 222 411 270 quidem
441 228 603 271 apparet.
660 221 745 258 Am.
774 222 877 261 Quis
897 221 1011 272 igitur
1030 221 1099 258 tibi

204 287 333 324 dedit?
386 286 452 323 Al.
482 286 566 326 Qui
587 299 646 324 me
666 294 783 336 rogat.

43 351 108 388 So.
138 350 205 388 Me
233 359 374 400 capum,
396 351 484 399 quia
512 359 591 387 tute
615 351 661 388 ab
679 351 765 388 navi
786 351 1004 388 elan-culum
1024 351 1100 388 huo

202 416 274 452 alia
295 416 355 452 visi

42 479 305 517 Praeourristi:
345 487 457 529 atque
485 480 576 516 hinc
603 487 771 529 pateram
799 487 879 518 tute
912 480 1097 527 exemisti,

202 551 312 592 atque
333 557 415 581 eam

42 607 148 645 Huic
161 609 312 654 dedisti,
325 610 484 658 posthac
500 622 627 645 rursus
644 609 851 659 obsignasti
869 610 1096 647 clanculum.
1117 611 1179 644 165

42 673 128 710 Am.
170 673 247 709 Hei
278 673 392 709 mihi!
429 674 506 723 jam
541 681 580 710 tu
614 686 763 722 quoque
797 674 908 723 hujus
947 675 1100 724 adjuvas

199 737 408 774 insaniam:

41 802 130 838 Ain'
161 802 242 838 heri
271 815 340 838 nos
371 802 567 839 advenisse
595 802 699 839 hue?
765 802 830 840 Al.
870 803 960 849 Aio,
991 803 1100 840 adve-

199 867 384 915 niensque
404 867 508 903 illico

41 929 109 967 Me
129 931 349 976 salutavisti,
370 938 405 967 et
425 943 497 981 ego
516 939 565 977 te,
587 938 624 968 et
644 931 817 968 osculum
837 932 944 969 tetuli
964 933 1044 969 tibi.

41 995 129 1032 Am.
160 995 246 1031 Jam
267 995 360 1031 illud
380 1008 456 1031 non
484 996 610 1043 placet
637 996 867 1045 principium
887 997 934 1034 de
954 997 1097 1036 osculo.

199 1059 359 1108 Pergam
381 1060 526 1107 exequi.
563 1054 565 1057 ¹

41 1122 107 1160 Al.
142 1122 297 1159 Lavisti.
364 1123 450 1160 Am.
483 1123 606 1169 Quid,
634 1132 834 1173 postquam
863 1125 965 1162 lavi?
1030 1125 1096 1164 Al.

200 1187 441 1223 Aceubuisti.
499 1187 560 1224 So.
591 1187 720 1237 Euge!
751 1189 903 1237 optime.
1116 1194 1178 1226 170

40 1250 80 1288 N
85 1263 159 1288 uno
178 1251 344 1299 exquire.
402 1252 487 1288 Am.
518 1251 581 1288 Ne
601 1252 821 1301 interpella;
850 1266 966 1304 perge
984 1267 1098 1303 porro

200 1316 338 1352 dicere.

40 1379 109 1417 Al.
143 1379 264 1417 Coena
294 1380 462 1428 apposita
490 1387 567 1417 est:
598 1381 792 1418 coenavisti
821 1395 995 1420 mecum:
1025 1396 1098 1434 ego

201 1444 362 1480 accubui
383 1444 504 1480 simul.

43 1507 128 1545 Am.
159 1507 203 1543 In
220 1508 352 1544 eodem
373 1509 498 1545 lecto?
554 1508 618 1545 Al.
646 1509 689 1545 In
707 1510 850 1547 eodem.
907 1511 970 1548 So.
998 1511 1095 1549 Hei!

202 1584 278 1608 non
297 1572 421 1620 placet
441 1573 667 1610 convivium.

42 1636 129 1674 Am.
169 1635 262 1673 Sine
290 1636 402 1672 modo
433 1645 652 1685 argumenta
680 1638 792 1675 dieat.
847 1639 970 1686 Quid,
998 1647 1097 1689 post·

118 1702 123 1706 “
201 1712 313 1748 quam
333 1700 591 1737 coenavimus?

42 1763 108 1802 Al.
137 1763 199 1800 Te
219 1763 421 1800 dormitare
442 1764 578 1801 aiebas.
645 1764 782 1803 Mensa
802 1767 924 1805 ablata
944 1774 1012 1815 est,
1034 1781 1098 1805 ou-

202 1828 322 1864 bitum
343 1827 432 1864 hinc
453 1828 624 1865 abiimus.
1114 1832 1177 1864 175

42 1891 130 1930 Am.
150 1891 226 1930 Ubi
240 1899 281 1930 tu
301 1892 492 1929 cubuisti?
546 1893 609 1931 Al.
640 1893 685 1931 In
701 1895 834 1933 eodem
851 1896 952 1934 lecto
969 1903 1098 1934 tecum

200 1956 276 1994 unfz
296 1956 335 1994 in
355 1956 545 1994 cubiculo.
