1277 2193
276 149 546 178 AMPHITRUO.
588 151 668 178 Aer.
691 149 714 178 1.
743 149 843 178 Sem.
866 149 891 177 1.
1129 139 1180 179 33

53 246 213 285 Factum
233 255 288 285 est
308 247 412 295 illud,
433 256 474 285 ut
492 260 564 299 ego
593 249 671 286 illic
689 248 767 285 vini
787 248 958 285 hirneam
976 246 1102 285 ebibe-

157 329 159 332 *
209 313 278 349 rim
299 313 403 350 meri.

51 375 126 414 Me.
163 376 273 417 Quid
308 379 440 414 nunc?
487 377 636 414 vincon'
676 377 918 428 argumentis,
950 383 989 414 te
1024 388 1101 414 non

210 453 291 478 esse
312 441 486 477 Sosiam?

51 504 114 541 So.
152 504 215 542 Tu
249 516 365 554 negas
402 504 489 540 med
527 505 637 541 esse?
703 504 776 542 Me.
813 503 925 544 Quid
955 516 1029 555 ego
1060 503 1102 542 ni

209 581 358 618 negem,
379 568 441 616 qui
463 576 612 617 egomet
631 569 750 605 siem?

52 633 117 670 So.
154 633 226 670 Per
247 633 380 669 Jovem
397 633 482 682 juro
502 633 587 669 med
611 645 715 669 esse:
745 645 868 681 neque
888 645 948 670 me
967 633 1102 670 falsum

210 697 347 734 dicere.

53 760 127 798 Me.
165 760 218 798 At
237 773 308 810 ego
326 773 391 809 per
411 760 647 797 Mercurium
663 760 761 810 juro,
782 760 851 797 tibi
871 760 1005 799 Jovem
1025 772 1102 798 non

210 825 384 861 credere:
1119 826 1181 859 280

52 889 153 927 Nam
174 888 335 939 injurato
353 888 436 926 scio
462 889 546 938 plus
566 889 693 926 credet
713 889 820 935 mihi,
841 902 953 938 quam
977 890 1102 940 jurato

209 954 289 990 tibi.

54 1018 116 1055 So.
152 1017 255 1057 Quis
274 1029 346 1067 ego
374 1030 457 1054 sum
484 1017 630 1063 saltem,
651 1017 682 1054 si
702 1030 778 1054 non
797 1030 881 1054 sum
900 1018 1038 1056 Sosia?
1065 1024 1103 1056 te

212 1082 414 1130 interrogo.

55 1145 129 1183 Me.
166 1145 242 1183 Ubi
270 1157 342 1195 ego
371 1145 481 1181 Sosia
508 1145 625 1181 nolim
653 1157 748 1191 esse,
767 1152 809 1182 tu
829 1153 908 1183 esto
927 1158 1018 1183 sane
1037 1147 1104 1184 So·

212 1209 277 1246 sia.

55 1274 173 1312 Nunc
200 1274 351 1323 quando
378 1285 450 1324 ego
478 1286 575 1320 sum,
604 1274 797 1323 vapulabis
823 1274 863 1311 ni
891 1274 982 1313 hinc
1009 1275 1102 1324 abis,

214 1338 402 1389 ignobilis.

56 1403 120 1440 So.
158 1402 272 1440 Certe
303 1402 449 1451 edepol,
470 1413 583 1450 quom
603 1402 707 1439 illum
728 1403 956 1453 contemplo,
977 1410 1015 1441 et
1033 1404 1106 1441 for-

213 1479 311 1503 mam
333 1478 526 1516 cognosco
547 1479 679 1512 meam,
1121 1474 1184 1507 285

57 1530 391 1570 Quemadmodum
420 1543 491 1579 ego
519 1543 602 1567 sum
625 1530 741 1580 (saepe
769 1531 808 1568 in
836 1531 1033 1580 speculum
1051 1532 1105 1570 in-

217 1594 337 1644 spexi)
359 1594 470 1630 nimis
491 1594 598 1630 simil’
621 1601 676 1630 est
696 1594 780 1631 mei.

59 1658 194 1694 Itidem
230 1658 341 1714 habet
371 1665 555 1706 petasum,
591 1671 634 1694 ac
668 1658 840 1695 vestitum
859 1672 867 1696 :
909 1667 986 1697 tam
1017 1673 1106 1697 con-

216 1722 323 1758 simil’
347 1728 402 1758 est
422 1731 531 1770 atque
551 1735 632 1772 ego.

62 1787 172 1831 Sura,
191 1798 270 1835 pes,
291 1792 444 1831 statura,
460 1793 603 1832 tonsus,
619 1787 734 1832 oculi,
749 1799 895 1834 nasum,
912 1788 969 1824 vel
989 1788 1106 1835 labra,

62 1849 189 1896 Malae,
205 1856 386 1895 mentum,
404 1850 531 1895 barba,
548 1851 709 1887 collum:
734 1852 853 1888 totus!
880 1852 971 1900 quid
985 1852 1108 1890 verbis

220 1914 367 1962 opu'st'?
