1277 2193
51 115 104 152 46
338 122 607 152 AMPmTRUO.
649 123 730 151 ACT.
753 122 792 150 11.
820 122 920 150 Sem.
942 121 968 149 2.

71 226 112 257 80
130 220 193 258 So.
228 221 373 258 Verum
395 228 565 258 actutum
585 233 730 258 nosceS.
787 221 872 258 Am.
905 220 1063 260 Quem?
1119 218 1182 256 So.

287 285 400 323 Illum
421 299 570 332 nosces,
591 299 739 324 servum
761 286 921 322 Sosiam.

129 350 215 387 Am.
255 352 425 399 Sequere
453 352 524 387 hac
554 351 667 399 igitur
697 363 778 387 me:
808 362 895 386 nam
915 348 965 386 mi
988 349 1086 386 istuc
1113 348 1185 398 pri-

287 427 390 451 mum
411 415 599 463 exquisito
620 422 676 451 est
695 427 800 463 opus.

132 479 209 516 Sed
239 479 323 516 vide
356 492 401 516 ex
433 479 518 515 navi
552 479 754 515 efferantur
785 491 867 527 quae
897 478 974 528 jam
1007 478 1185 527 imperavi

289 544 426 580 omnia.

131 607 194 644 So.
235 607 284 644 Et
313 621 456 645 memor
485 621 580 654 sum,
603 615 640 644 et
668 608 841 657 diligens,
862 614 903 643 ut
923 620 1005 654 quae
1026 606 1186 655 imperes

291 680 544 721 compareant.

131 735 222 773 Non
245 749 316 786 ego
336 750 423 773 cum
444 737 531 773 vino
551 737 679 773 simitu
700 737 801 773 ebibi
822 736 1022 785 imperium
1042 742 1159 772 tuum.

74 805 114 836 85
131 800 216 838 Am.
255 801 410 838 Utinam
439 801 489 837 Di
520 801 649 847 faxint,
673 801 813 837 infecta
833 801 934 837 dicta
954 813 994 837 re
1014 800 1188 837 eveniant

288 866 378 902 tua?

545 1065 711 1100 SCENA
745 1066 790 1100 II.

166 1190 409 1228 ALCUMENA.
449 1190 708 1225 AMPHITRco.
750 1189 879 1225 Sosm.
918 1187 1150 1224 THESSALA.

184 1319 248 1355 Al.
281 1320 416 1355 SATJN’
438 1330 552 1367 parva
572 1330 630 1353 res
651 1324 705 1353 est
725 1316 957 1364 voluptatum
980 1315 1017 1351 in
1038 1315 1127 1361 vita,

132 1383 260 1432 Atque
282 1384 319 1419 in
341 1390 448 1420 aetate
471 1382 629 1431 aguuda.

132 1447 330 1496 Praequam
358 1447 457 1495 quod
479 1447 677 1482 molestum
706 1451 772 1481 est.
830 1444 890 1480 Ita
918 1444 1056 1492 cuique
1086 1456 1187 1480 com-

290 1518 460 1560 paratum

133 1576 203 1614 Est
224 1577 259 1612 in
281 1583 388 1612 {etate
410 1575 626 1619 homimum

96 1649 116 1678 5
134 1641 192 1677 Ita
220 1640 289 1676 Dis
318 1640 511 1688 placitum,
541 1639 769 1687 voluptatem
807 1645 847 1674 ut
886 1650 1022 1673 moeror
1060 1649 1187 1673 comes

292 1712 543 1752 consequatur
559 1717 565 1739 :

135 1768 244 1808 Quin
274 1768 504 1804 incommodi
532 1768 615 1816 plus
644 1767 807 1815 malique
836 1766 939 1802 illico
969 1765 1069 1810 assit,
1098 1765 1186 1800 boni

294 1832 325 1869 si
345 1833 480 1882 obtigit
501 1832 600 1880 quid.

137 1896 238 1935 Nam
267 1909 338 1946 ego
368 1897 404 1932 id
432 1909 534 1933 nunc
563 1897 734 1945 experior
764 1896 889 1941 domo,
911 1901 1022 1942 atque
1043 1893 1122 1942 ipsa
1141 1892 1187 1929 de

295 1973 354 1998 me
374 1961 466 2007 scio,
488 1961 550 1998 eui
570 1961 740 2009 voluptas
