1277 2193
254 126 508 155 AULULARIA.
548 127 628 155 Aer.
651 126 704 154 lv.
734 127 830 155 scm.
852 127 879 154 2.
1099 117 1174 155 133

40 225 157 262 Nunc
185 225 267 262 sine
294 226 397 263 omni
426 226 642 275 suspicione
675 226 714 262 in
748 226 810 262 ara
840 225 902 261 hic
932 224 1094 262 assidam

198 291 316 327 sacra.
1111 291 1152 322 20

41 353 147 390 Hinc
166 366 235 403 ego
262 362 299 391 et
319 355 394 392 hue
423 363 460 392 et
488 356 579 392 illuc
608 363 752 405 potero,
773 355 861 404 quid
893 361 1019 404 agant,
1041 367 1095 391 ar-

199 417 381 456 bitrarier.

446 618 608 653 SCENA
640 618 685 652 Il.

345 742 508 779 Eueno.
549 744 785 779 Srnomms.

91 867 169 907 Ea.
200 869 265 907 TU
284 871 397 907 modo
417 883 507 908 cave
528 871 704 919 cuiquam
726 871 938 918 indicassis,
961 860 1092 909 aurum

196 946 322 971 meum
342 947 423 971 esse
444 935 542 980 istic,
564 935 689 971 Fides.

40 995 131 1032 Non
151 1005 278 1033 metuo
305 1011 353 1034 ne
383 999 581 1046 quisquam
611 998 798 1034 inveniat:
829 999 880 1035 ita
906 1000 1024 1047 probe
1053 999 1092 1036 in

196 1061 349 1097 latebris
370 1062 481 1097 situm
503 1068 569 1097 est.

40 1125 185 1173 Edepol
215 1138 271 1161 nm
304 1126 381 1161 illic
409 1126 606 1174 pulchram
634 1125 798 1174 praedam
828 1134 925 1176 agat,
948 1126 979 1163 si
1008 1127 1094 1176 quis

198 1190 299 1227 illam
321 1190 505 1226 invenerit

40 1255 180 1291 Aulam
213 1262 386 1291 onustam
421 1255 510 1291 auri.
569 1254 712 1290 Verum
747 1254 782 1290 id
817 1261 854 1291 te
891 1267 1018 1303 quaeso
1050 1263 1092 1293 ut

194 1319 437 1367 prohibessis,
459 1318 584 1355 Fides.

40 1382 158 1418 Nunc
176 1382 321 1428 lavabo,
343 1390 382 1418 ut
402 1395 480 1418 rem
501 1382 665 1418 divinam
697 1383 844 1429 faciam,
865 1396 912 1420 ne
942 1384 1090 1421 affinem

197 1458 333 1492 morer,
1108 1437 1129 1468 5

40 1510 150 1550 Quin
188 1510 252 1546 ubi
291 1517 453 1546 arcessat
489 1521 562 1555 me,
595 1522 717 1546 meam
751 1511 937 1560 extemplo
973 1512 1090 1550 filiam

196 1573 311 1609 ducat
339 1574 502 1610 domum.

41 1638 153 1684 Vide,
174 1637 301 1682 Fides,
323 1638 434 1674 etiam
465 1645 574 1685 atque
603 1637 717 1675 etiam
745 1650 860 1684 nuno,
881 1638 1020 1677 salvam
1047 1646 1089 1678 ut

200 1702 321 1738 aulam
342 1702 406 1738 abs
424 1708 461 1738 te
482 1702 657 1738 auferam.

41 1767 139 1804 Tuae
158 1766 246 1803 fidei
266 1766 485 1803 concredidi
506 1778 660 1803 aurum:
689 1767 727 1803 in
746 1772 812 1802 tuo
831 1767 919 1803 luco
944 1774 982 1804 et
1000 1768 1088 1806 fano

197 1830 310 1867 modo
329 1837 384 1866 est
404 1830 527 1867 situm.

43 1895 100 1934 St.
129 1894 181 1934 Di
209 1895 457 1932 immortales!
488 1895 587 1943 quod
606 1907 678 1946 ego
697 1895 800 1934 hunc
818 1896 1009 1934 homiuem
1037 1896 1088 1935 sa-

199 1959 308 1996 cinus
328 1959 440 1996 audio
459 1958 587 2007 loqui?

147 2037 169 2061 P
292 2024 339 2060 12
