1277 2193
49 82 99 120 18

334 88 600 119 AMPHITRUO.
641 90 720 118 ACT.
742 90 765 118 l.
793 90 891 118 Sem.
916 90 938 118 1.

124 186 227 224 Nam
259 200 371 237 quom
402 188 621 238 pugnabant
652 200 837 236 maxume,
871 201 942 239 ego
974 189 1161 239 fugiebam

279 265 462 289 maxume.

65 324 108 355 45
124 316 394 354 Verumtamen
409 317 514 365 quasi
531 316 698 354 affuerim
713 316 896 354 simulabo
912 324 1021 367 atque
1038 317 1164 355 audita

281 381 444 430 eloquar.

124 446 202 483 Sed
230 458 305 495 quo
334 446 446 482 modo
475 452 513 482 et
537 445 658 482 verbis
677 445 812 494 quibus
831 459 891 483 me
909 446 1042 484 deceat
1062 447 1164 484 fabu-

279 510 402 556 larier‚

123 573 233 610 Prius
261 573 340 623 ipse
368 586 517 611 mecum
542 574 655 611 etiam
675 574 758 610 volo
777 573 842 611 hio
861 574 1041 612 meditari.
1098 576 1163 613 Sic

280 639 353 675 hoc
371 638 570 688 proloquar
585 652 591 674 :

124 702 318 752 Principio
346 709 386 739 ut
415 702 479 739 illo
508 703 737 749 advenimus,
758 703 822 739 ubi
846 703 1009 752 primum
1029 710 1165 741 terram

280 766 484 816 tetigimus,

126 830 320 868 Continuo
335 830 562 880 Amphitruo
582 830 720 881 delegit
735 830 832 867 viros
846 831 1052 880 primorum
1066 832 1165 881 prin-

283 907 406 944 elpes:

68 969 110 1000 50
127 959 205 996 Eos
231 959 352 1009 legat:
382 959 563 996 Telebois
586 959 692 1008 jubet
719 959 941 996 sententiam
970 967 1011 996 ut
1039 960 1166 997 dicant

282 1036 398 1060 suam.

127 1088 170 1125 Si
197 1087 278 1125 sine
305 1087 341 1123 vi
369 1094 405 1124 et
433 1087 513 1124 sine
541 1087 639 1124 bello
667 1087 782 1124 velint
809 1094 913 1136 rapta
940 1094 977 1124 et
1004 1095 1168 1137 raptores

283 1152 441 1198 tradere,

128 1216 171 1253 Si
207 1228 289 1264 quae
327 1214 588 1264 asportassent,
621 1215 841 1260 redderent3
884 1227 924 1251 se
960 1215 1167 1253 exereitum

284 1279 469 1328 extemplo
489 1279 641 1315 domurn

128 1343 408 1389 Reducturum,
426 1342 591 1379 abituros
611 1354 700 1392 agro
715 1342 888 1393 Argivos,
905 1355 1038 1392 pacem
1059 1350 1168 1392 atque

284 1406 411 1443 ocium

128 1471 231 1509 Dare
251 1471 334 1508 illis.
391 1471 464 1508 Sin·
488 1470 592 1507 aliter
620 1470 717 1507 sient
745 1470 910 1517 animati,
930 1483 1053 1519 neque
1080 1471 1169 1508 dent

285 1548 367 1584 quae
386 1542 499 1584 petat,

71 1600 225 1642 558ese
256 1599 369 1650 igitur
402 1599 548 1636 summa
573 1599 608 1636 vi
636 1599 797 1648 virisque
828 1611 958 1636 eorum
991 1598 1168 1649 oppidum

285 1676 569 1714 expugnassere.

133 1728 229 1767 Haeo
261 1728 326 1765 ubi
359 1728 541 1765 Telebois
572 1728 704 1765 ordine
740 1727 920 1765 iterarunt
951 1739 1044 1776 quos
1078 1740 1170 1777 prae-

289 1792 427 1830 fecerat

134 1856 383 1908 Amphitruo:
411 1856 641 1908 magnanimi
659 1856 727 1894 viri
756 1856 838 1895 freti
858 1855 1006 1905 virtute,
1025 1862 1063 1894 et
1086 1855 1170 1894 viri-

288 1922 359 1961 bus
