1277 2193
284 110 555 141 AMPHITRUO.
597 111 679 140 Acw.
702 109 738 139 v.
765 109 866 139 Sem.
889 109 914 138 1.
1151 100 1204 138 89

65 211 309 261 Amphitruo,
330 212 431 261 piam
461 219 498 249 et
525 211 704 261 pudicam
733 223 815 248 esse
843 217 947 247 tuam
970 220 1125 246 uxorem

222 285 263 314 ut
283 290 392 314 scias.

64 340 125 379 De
154 341 199 379 ef}
229 354 270 379 re
300 342 409 392 signa
440 349 550 391 atque
587 348 809 392 argumenta
839 339 973 390 paucis
1002 338 1126 377 verbis

222 407 388 456 eloquar.
1142 406 1184 437 35

65 470 248 508 Omnium
289 473 452 521 primum
497 472 712 508 Alcumena
761 470 934 521 geminos
979 469 1127 520 peperit

222 537 330 574 filios.

64 600 149 639 Am.
181 602 270 638 Ain'
294 610 331 638 tu
360 602 542 652 geminos,
601 601 675 637 Br.
705 596 903 638 Geminos.'
957 599 1043 636 Am.
1073 598 1125 636 Di

223 680 282 703 me
304 674 462 703 servant.
519 666 593 702 Br.
625 666 718 702 Sine
738 678 797 702 me
818 665 959 711 dicere,

64 731 115 768 Ut
143 731 241 768 scias
270 732 340 768 tibi
368 739 519 780 tuaeque
549 730 656 767 uxori
676 730 767 767 deos
787 742 870 767 esse
891 741 1023 766 omnes
1042 740 1127 778 pro-

220 796 344 845 pitios.

64 860 149 898 Am.
185 861 372 910 Loquere.
444 860 518 897 Br.
553 860 758 908 Postquam
790 858 979 908 parturire
1011 857 1126 895 hodie

221 938 315 962 uxor
335 926 500 974 oocoepit
519 932 597 971 tua,

65 990 124 1027 Ibi
144 997 251 1028 utero
272 990 393 1027 exorti
414 990 574 1034 dolores,
596 996 637 1025 ut
657 988 780 1024 solent
798 1000 1016 1037 puerperae:
1142 986 1184 1018 40

65 1055 223 1092 Invocat
243 1055 334 1091 deos
354 1053 590 1099 immortalis,
611 1060 652 1089 ut
672 1052 743 1088 sibi
765 1052 946 1088 auxilium
967 1052 1102 1098 ferant,

66 1119 247 1157 Manibus
265 1119 383 1168 puris,
405 1118 529 1168 eapite
552 1125 694 1166 operto.
752 1116 810 1153 Ibi
831 1116 1017 1153 continuo
1037 1128 1126 1153 con-

222 1191 329 1221 tonat

65 1250 203 1288 Sonitu
223 1262 411 1294 maxumo,
433 1247 524 1285 aedis
544 1246 666 1296 primo
686 1258 795 1283 ruere
815 1246 991 1283 rebamur
1011 1253 1106 1283 tuas.

66 1315 185 1352 AEdes
204 1321 292 1351 totae
313 1313 586 1362 confulgebant
605 1319 692 1357 tuae‚
714 1311 820 1359 quasi
841 1318 1123 1356 essentaureae.

66 1379 151 1416 Am.
180 1379 326 1418 Quaeso
356 1377 539 1414 absolvito
568 1376 658 1413 hine
688 1388 759 1421 me,
781 1375 953 1424 exemplo
972 1375 1125 1424 quando

223 1442 313 1479 satis
333 1441 528 1479 deluseris.
1141 1442 1183 1473 45

64 1507 175 1548 Quid
195 1507 235 1544 fit
255 1507 417 1544 deinde?
468 1506 542 1542 ΒΓ.
570 1505 671 1542 Dum
688 1504 769 1541 hmo
787 1511 962 1554 aguntur,
980 1504 1125 1542 interea

227 1583 381 1607 uxorem
402 1578 505 1607 tuam

67 1636 205 1686 Neque
221 1642 449 1686 gementem,
466 1646 590 1682 neque
608 1633 819 1683 plorantem
839 1640 1010 1670 nostrum
1026 1633 1125 1683 quis-

227 1713 338 1749 quam
361 1699 595 1736 audivimus:

69 1765 130 1804 Ita
147 1765 318 1815 profecto
338 1764 420 1801 sine
440 1763 570 1800 dolore
589 1762 744 1812 peperit.
801 1762 887 1799 Am.
917 1762 942 1799 J
946 1774 1005 1801 am
1024 1762 1124 1800 istuc

226 1828 388 1880 gaudeo,

70 1894 121 1932 Ut
149 1901 191 1932 ut
221 1906 311 1944 erga
339 1905 400 1931 me
430 1893 564 1931 merita
593 1900 658 1930 est.
726 1891 800 1929 Br.
830 1891 944 1930 Mitte
977 1891 1122 1939 isthaec‚

228 1965 339 2008 atque
358 1958 440 1995 haeo
459 1971 541 2008 quae
561 1957 686 1996 dicam
708 1956 850 2007 accipe.

382 2022 409 2059 8
421 2022 443 2044 ²)ss
