1277 2193
383 133 426 162 IN
454 132 812 162 AMPHITRUONEM.
1139 123 1187 161 13

67 230 252 268 Praeterea
271 239 374 268 certo
392 232 516 280 prodit
537 232 574 268 in
593 231 810 281 Tragoedia.

69 295 180 332 Hanc
209 296 402 342 Fabulam,
432 297 597 344 inquam,
624 296 686 332 hic
705 295 877 344 Juppiter
897 293 1009 331 hodie
1028 293 1108 343 ipse

225 367 321 409 aget,

67 423 117 461 Et
136 420 206 474 ego
226 425 301 461 una
319 437 405 460 cum
426 425 501 461 illo,
557 424 673 461 Nunc
694 424 859 461 animum
879 423 1072 470 advortite,
1126 429 1166 460 95

67 488 168 524 Dum
189 489 297 538 hujus
318 495 576 538 argumentum
597 489 748 536 eloquar
768 489 986 525 Comoediae.

120 553 215 589 Haec
236 554 323 589 urbs
343 560 399 589 est
418 553 585 589 Thebae:
615 553 653 588 in
669 553 789 589 illisce
804 553 946 589 habitat
965 552 1109 590 aedibus

67 617 307 666 Amphitruo,
329 624 438 653 natus
458 617 572 666 Argis
592 629 638 653 ex
657 617 763 666 Argo
782 624 898 665 patre,

65 681 147 721 Qui
168 694 254 717 cum
275 681 488 718 Alcumena
506 688 561 718 est
580 688 707 729 nupta,
728 681 870 717 Electri
890 681 977 719 filia.

67 745 106 781 Is
125 758 226 781 nunc
246 745 473 793 Amphitruo
492 745 719 793 praefectu’st
737 745 972 794 legionibus:
1127 746 1187 778 100

65 809 166 846 Nam
187 822 274 846 curn
293 809 473 846 Telebois
494 809 631 846 bellum
651 816 706 845 est
725 808 912 846 Thebano
930 809 1054 858 poplo.

65 874 103 910 Is
121 874 337 923 priusquam
358 874 446 910 hinc
467 874 558 910 abiit
577 874 734 922 ipsemet
754 873 791 909 in
811 874 1032 920 exercitum,

64 939 266 975 Gravidam
287 939 537 975 Alcumenam
558 943 711 974 uxorem
732 938 820 974 fecit
839 950 954 975 suam.

66 1001 166 1038 Nam
202 1015 272 1051 ego
306 1015 371 1038 vos
403 1003 550 1038 novisse
587 1003 700 1038 credo
728 1002 818 1050 jam,
851 1009 892 1038 ut
923 1002 971 1038 sit
1001 1008 1108 1051 pater

223 1079 347 1111 meus;

64 1130 194 1170 Quam
213 1131 305 1167 liber
326 1131 456 1166 harum
475 1143 599 1167 rerum
618 1130 818 1167 multarum
837 1130 928 1175 siet;
1125 1134 1185 1167 105

64 1195 318 1243 Quantasque
348 1201 488 1230 amator
518 1195 600 1240 siet,
627 1195 726 1242 quod
756 1194 1023 1243 complacitum
1051 1201 1108 1232 est

219 1259 344 1295 semel.

65 1323 102 1359 Is
123 1335 246 1360 amare
265 1323 427 1372 occoepit
446 1323 696 1359 Alcumenam
717 1323 814 1359 clam
833 1323 966 1370 virum,

65 1388 300 1436 Usuramque
319 1388 398 1437 ejus
418 1388 584 1436 corporis
605 1388 703 1436 cepit
723 1388 806 1434 sibi,

67 1452 116 1489 Et
135 1452 323 1502 gravidam
344 1452 432 1489 fecit
452 1452 482 1488 is
502 1464 583 1488 eam
603 1464 818 1501 compressu
838 1464 918 1489 suo.

66 1516 195 1561 Nunc,
216 1516 263 1553 de
282 1516 495 1554 Alcumena
513 1523 552 1553 ut
573 1529 650 1553 rem
670 1517 828 1553 teneatis
846 1516 999 1563 rectius,
1123 1526 1182 1559 110

66 1580 251 1629 Utrinque
279 1587 334 1617 est
363 1581 526 1630 gravida,
556 1587 593 1617 et
619 1593 665 1617 ex
695 1581 786 1627 viro,
817 1587 855 1618 et
883 1593 929 1618 ex
957 1593 1104 1619 summo

221 1644 324 1681 Jove.

67 1708 117 1746 Et
135 1721 240 1746 meus
258 1716 363 1758 pater·
382 1721 484 1745 nunc
504 1709 603 1746 intus
622 1709 684 1746 hic
703 1722 789 1746 cum
810 1709 874 1747 illa
891 1709 1026 1747 cubat:

67 1772 117 1810 Et
136 1773 218 1810 haec
237 1773 285 1809 ob
305 1785 385 1809 eam
406 1785 484 1810 rem
503 1785 577 1810 nox
595 1780 651 1811 est
670 1774 768 1811 facta
786 1773 946 1824 longior,

66 1836 168 1873 Dum
187 1837 262 1883 ille,
283 1838 444 1886 quacum
464 1838 550 1883 volt,
569 1838 796 1887 voluptatem
815 1838 936 1887 capit:

67 1901 144 1938 Sed
163 1901 215 1938 ita
234 1902 462 1939 assimulavit
480 1914 520 1939 se
539 1902 644 1951 quasi
664 1902 891 1952 Amphitruo
909 1902 992 1940 siet.
1118 1910 1177 1944 115

67 1963 183 2003 Nunc
200 1977 250 2003 ne
268 1966 370 2003 hunc
389 1973 560 2004 ornatum
580 1979 645 2005 vos
662 1979 788 2005 meum
808 1966 1056 2015 admiremini,

222 2042 242 2066 P
371 2031 397 2066 2
907 2030 912 2035 ’
