1277 2193
85 113 134 150 16
368 125 634 156 AMPmTRUo.
675 128 755 157 Λοτ.
778 129 800 157 1.
828 129 926 158 Sem«.
950 131 973 158 1.

157 220 244 258 Nec
272 223 467 273 quisquam
497 226 544 263 sit
572 226 662 275 quin
690 239 749 264 me
776 240 905 266 omnes
932 241 1013 267 esse
1040 230 1195 280 dignum

313 288 513 336 deputent:
545 290 595 327 ita

155 350 279 391 Quasi
307 352 484 390 incudem
513 367 572 391 me
594 355 770 392 miserum
790 356 959 395 homines
977 365 1064 395 octo
1084 359 1194 396 validi

312 417 478 454 caedant:
510 419 560 456 ita

154 478 317 529 Peregre
338 481 538 518 adveniens
558 483 720 532 hospitio
738 484 941 533 publicitus
961 486 1151 535 accipiar?

155 542 252 580 Haec
272 544 351 580 heri
372 545 608 583 immodestia
628 548 764 598 coegit,
785 561 844 586 me
863 550 926 598 qui
946 550 1018 587 hoc

97 612 137 643 10
155 607 292 646 Noctis
312 622 332 645 a
350 616 459 657 portu
479 611 636 660 ingratis
655 613 838 650 excitavit.

153 672 294 710 Nonne
313 674 413 711 idem
433 675 506 712 hoc
524 676 601 712 luci
621 689 681 713 me
701 677 847 714 mittere
865 678 1012 727 potuit?

152 736 345 786 Opulento
364 739 508 776 homini
527 740 599 777 hoc
619 741 775 777 servitus
795 742 886 779 dura
904 744 985 779 est?

152 799 240 838 Hoc
259 802 378 851 magis
397 803 508 840 miser
527 812 582 840 est
601 804 725 841 divitis
743 817 889 842 servos:

150 863 190 900 N
193 872 372 914 octesque
391 867 544 915 diesque
565 868 713 905 assiduo
733 869 821 906 satis
841 882 1024 918 superque
1044 878 1111 916 est,

92 934 132 964 15
150 928 243 968 Quo
263 930 376 976 sacto,
398 938 460 968 aut
479 932 580 968 dicto
601 933 705 969 adest
723 946 829 982 opus,
851 934 998 982 quietus
1017 947 1065 972 ne
1084 935 1144 972 sis.

150 993 236 1042 Ipse
255 994 429 1031 dominus
450 996 552 1032 dives
572 997 706 1045 operiS‚
728 1004 764 1033 et
784 998 921 1034 laboris
940 1010 1084 1046 expers,

149 1058 420 1107 Quodcunque
439 1060 582 1096 homini
604 1061 742 1096 accidit
761 1061 891 1107 libere,
913 1074 1020 1110 posse
1039 1069 1139 1099 retur
1155 1076 1161 1099 :

150 1122 316 1171 AEquom
337 1135 417 1160 esse
436 1130 562 1172 putat:
592 1136 668 1160 non
688 1131 833 1173 reputat
851 1125 989 1162 laboris
1009 1126 1098 1174 quid
1117 1127 1185 1163 sit:

148 1185 247 1232 Nec,
269 1200 413 1235 aequom
435 1200 530 1223 anne
550 1188 717 1235 iniquom
740 1188 907 1236 imperet,
929 1190 1119 1239 cogitabit.

90 1255 132 1288 20
149 1249 264 1299 Ergo,
286 1250 324 1286 in
344 1251 519 1287 servitute
539 1258 715 1299 expetunt
736 1252 851 1288 multa
870 1252 1017 1300 iniqua:

149 1313 377 1351 Habendum
397 1322 433 1351 et
453 1315 645 1351 ferendum
662 1316 733 1351 hoc
753 1328 847 1352 onus
866 1323 921 1352 est
941 1329 1025 1352 cum
1047 1317 1183 1354 labore.

147 1378 222 1416 Me.
261 1378 387 1415 Satius
416 1386 471 1415 est
501 1391 560 1416 me
589 1380 694 1427 queri
726 1380 788 1416 illo
817 1380 928 1416 modo
956 1381 1184 1428 servitutem,

302 1443 414 1480 hodie

147 1505 229 1545 Qui
249 1506 381 1544 fuerim
401 1507 508 1553 liber,
528 1520 614 1544 eum
634 1520 735 1544 nunc
753 1508 883 1556 potivit
902 1515 1005 1557 pater

149 1570 368 1608 Servitutis:
399 1571 473 1617 hic,
495 1572 557 1620 qui
578 1585 688 1608 verna
707 1579 814 1608 natus
834 1580 901 1618 est,
921 1573 1096 1621 queritur.

91 1638 132 1670 25
150 1634 243 1670 Sum
271 1647 358 1671 vero
378 1648 489 1672 verna
508 1636 672 1673 verbero.
729 1636 790 1672 So.
830 1636 999 1674 Numero
1027 1637 1115 1673 mihi
1145 1638 1182 1674 in

302 1706 465 1735 mentem
486 1700 565 1745 fuit,

148 1761 219 1799 Dis
238 1762 494 1800 advenientem
521 1764 659 1814 gratias
685 1777 752 1814 pro
771 1765 912 1801 meritis
932 1777 1053 1815 agere,
1075 1772 1182 1813 atque

305 1827 452 1875 alloqui.

149 1889 220 1928 Nae
250 1890 315 1937 illi,
346 1891 491 1940 edepol,
513 1892 542 1929 si
572 1892 704 1929 merito
734 1905 817 1930 meo
845 1893 981 1929 referre
1010 1893 1182 1932 studeant

304 1955 452 2005 gratias,
