1277 2193
356 119 626 149 AMPHrrssUo,
664 119 864 150 Supposm.
1157 113 1210 151 79

83 218 194 256 Tecto
226 218 408 256 exclusum
433 218 603 268 foribus,
636 232 689 257 me
720 218 936 256 deturbavit
973 217 1128 256 cedibus.

233 284 297 320 So.
327 283 491 332 Egone?

74 348 163 385 Am.
201 348 271 385 Tu.
333 348 443 392 Quid
467 348 669 385 minitabas
692 353 726 385 te
743 347 959 398 facturum,
979 347 1014 384 si
1031 347 1128 384 istas

228 413 447 462 pepulissem
457 412 567 462 fores
581 416 597 449 ?

74 477 221 526 Negas,
251 478 430 514 sceleste?
505 479 568 514 So.
603 478 712 521 Quin
747 479 905 526 negem?
945 490 988 514 en
1019 477 1126 514 testis

233 543 418 591 ampliter,
440 542 589 591 quicum
609 543 711 579 venio
723 556 736 578 .·

75 606 219 643 Missus
247 607 384 653 sedulo,
404 612 446 642 ut
475 607 527 643 acl
553 612 586 644 te
611 612 780 643 vocatum
805 606 981 644 ducerem.
1039 606 1127 643 Am.

237 670 336 714 Quis
357 677 391 707 te
411 672 525 717 misit,

75 734 288 784 Furcifer?
358 736 421 772 So.
457 736 539 779 Qui
566 749 618 773 me
646 741 770 784 rogat.
841 735 928 772 Am.
964 734 1130 779 Quando

227 800 396 849 gentium
409 803 425 836 ,⁷
469 801 532 837 So.
555 799 822 849 Dudum‚jam
834 799 996 849 pridem,
1013 799 1128 845 modo,
1147 799 1188 832 60

82 863 155 900 Ubi
186 877 265 901 cum
297 877 406 901 urore
438 864 534 901 domi
565 864 702 901 redisti
732 866 771 901 in
799 864 983 913 gratiam.
1040 863 1128 900 Am.

230 928 408 966 Bacchus
429 935 462 966 te
482 929 682 966 irritassz't.

77 994 140 1030 So.
183 993 263 1030 Nec
295 993 489 1030 Bacchum
519 994 674 1030 salutem
704 993 822 1039 hodie,
855 1006 918 1030 nec
950 992 1129 1030 Cererem.

242 1057 300 1094 Tu
322 1058 492 1106 purgari
508 1057 683 1106 jusseras

85 1122 200 1168 Vasa,
222 1128 264 1158 ut
284 1136 357 1159 rem
376 1122 544 1158 divinam
560 1121 715 1171 faceres
729 1135 742 1157 .·
771 1127 805 1158 et
824 1122 920 1158 hunc
939 1134 991 1158 me
1011 1133 1132 1158 accer-

232 1188 343 1223 situm
362 1187 494 1232 mittis,

84 1251 133 1289 Ut
162 1258 277 1289 tecum
297 1251 501 1300 prandeat.
559 1251 646 1287 Am.
677 1250 884 1300 kalzam,
910 1250 1130 1299 dispeream,

234 1316 268 1352 si
287 1321 354 1352 aut
373 1316 475 1352 intus
496 1314 711 1364 adlzucfui,

79 1381 161 1417 Aut
180 1380 214 1417 si
232 1381 327 1417 hunc
347 1380 518 1417 miserim.
574 1379 668 1425 Dic,
686 1379 749 1415 ubi
763 1392 814 1416 me
831 1379 1008 1429 liquisti?
1065 1379 1129 1415 So.

235 1444 350 1481 Domi
369 1458 448 1481 cum
467 1443 673 1481 Alcumena
695 1443 860 1492 conjuge.
1148 1444 1190 1476 65

79 1509 170 1559 Ego
190 1521 214 1546 a
233 1515 267 1546 te
295 1509 420 1546 abiens
442 1514 595 1558 portum
622 1521 750 1545 vorsus
779 1509 903 1553 volito,
929 1508 1025 1545 lzune
1054 1508 1129 1544 tuis

236 1573 356 1610 verbis
376 1586 470 1610 voco.

87 1637 272 1682 Veni-mus,
302 1650 366 1674 nec
398 1643 432 1674 te
464 1637 540 1673 nisi
572 1649 668 1673 nunc
700 1636 804 1673 video
828 1641 974 1685 postea.
1041 1637 1129 1673 Am.

236 1702 436 1739 Scelestum
456 1706 593 1750 capum
623 1714 702 1738 cum
720 1713 829 1738 uzore
842 1703 858 1736 ?

79 1767 285 1817 Nunquam
302 1766 396 1812 abis,
413 1766 503 1815 quin
523 1766 687 1814 vapules.
736 1765 799 1801 So.
819 1764 1024 1814 Blepharo.
1071 1764 1129 1802 Bl.

235 1830 474 1880 Amphitruo,
494 1830 597 1866 mitte
614 1830 710 1866 llum:
729 1828 808 1866 med
823 1828 974 1878 gratia,

80 1895 140 1934 Et
157 1909 209 1934 me
228 1895 375 1932 audias.
432 1895 518 1931 Am.
548 1893 616 1930 En
634 1894 752 1939 mitto,
772 1893 866 1944 quid
890 1894 947 1931 vis
974 1893 1129 1944 loquere.

238 1959 294 1998 Bl.
323 1959 418 1997 Istic
426 1958 513 2009 jam
532 1957 667 1996 dudum
686 1957 776 1995 milei
