1277 2193
56 113 110 151 22
345 124 612 155 AMPHITRUO.
652 127 732 155 Aer.
754 126 777 156 i.
805 127 905 157 scm.
929 129 952 156 1.

59 223 120 255 115
136 220 200 258 So,
239 221 353 260 Certe
395 225 528 274 edepol
561 225 653 272 seio,
685 226 716 262 si
754 226 851 263 aliud
886 227 1088 276 quicquam
1121 235 1177 265 est

294 289 392 336 quod
413 290 578 336 credam,
601 297 663 327 aut
682 297 784 327 certo
805 291 935 338 seiam,

133 350 262 388 Credo
290 364 361 402 ego
390 354 461 390 hae
488 361 602 392 noctu
630 353 872 393 Nocturnum
905 357 1176 395 obdormivisse

290 418 447 456 ebrium.

134 482 236 518 Nam
265 495 387 532 neque
415 496 455 520 se
484 484 767 532 Septentriones
795 497 983 534 quoquam
1012 486 1050 523 in
1080 486 1176 523 ooelo

290 556 540 594 commovent,

133 610 270 659 Neque
298 624 337 648 se
365 611 475 649 Luna
493 625 680 661 quoquam
709 619 827 650 mutat
848 620 957 662 atque
977 613 1030 651 uti
1050 621 1177 651 exorta

290 683 345 712 est
364 676 489 713 semel.

132 739 219 777 Neo
246 739 409 790 Jugulae,
439 754 562 790 neque
583 742 817 792 Vesperugo,
845 755 968 791 neque
996 743 1176 793 Vergiliae

289 805 479 843 occidunt.
621 810 624 812 ’

54 874 114 906 120
131 869 190 907 Ita
217 870 339 907 statim
369 877 468 906 stant
492 870 620 920 signa:
649 883 770 919 neque
790 883 864 907 nox
882 883 1069 919 quoquam
1089 883 1177 908 con-

288 935 389 972 cedit
408 935 479 972 die.

129 998 203 1037 Me.
242 999 375 1049 Perge,
395 1012 483 1045 nox,
504 1007 544 1036 ut
564 999 782 1049 ooooepisti!
811 1011 899 1049 gere
918 999 1014 1048 patri
1034 1011 1176 1037 morem

286 1076 392 1100 meo:

129 1127 298 1177 Optumo
331 1135 483 1177 optume
515 1134 706 1176 optumam
739 1139 890 1176 operam
923 1127 1012 1164 das:
1051 1128 1175 1165 datam

285 1192 441 1240 pulchre
459 1192 573 1228 loeas.

129 1257 190 1293 So.
228 1256 365 1304 Neque
394 1268 465 1305 ego
493 1256 564 1292 hae
591 1262 704 1292 nocte
730 1255 938 1305 longiorem
960 1268 1020 1293 me
1038 1256 1174 1294 vidisse

286 1332 445 1356 censeo:

129 1384 217 1422 Nisi
246 1384 333 1421 item
363 1396 490 1430 unam,
518 1385 734 1421 verberatus
762 1395 871 1432 quam
899 1384 1059 1433 pependi
1092 1397 1173 1433 per·

284 1456 418 1497 petem.

52 1515 111 1546 125
130 1513 225 1550 Eam
244 1525 393 1562 quoque
413 1512 543 1561 edepol
564 1512 676 1548 etiam
706 1511 823 1548 multo
843 1511 923 1547 haee
944 1512 1033 1548 vicit
1052 1512 1173 1562 longi-

284 1577 424 1613 tudine.

130 1641 255 1678 Credo
287 1641 419 1689 edepol
457 1640 630 1688 equidem
664 1638 826 1675 dormire
869 1639 1017 1684 Solem3
1061 1647 1171 1687 atque

287 1712 461 1753 appotum
481 1705 607 1753 probe.

129 1769 230 1806 Mira
261 1776 360 1814 sunt,
393 1768 464 1805 nisi
498 1769 664 1806 invitavit
701 1780 781 1805 sese
814 1767 851 1804 in
884 1768 991 1804 οωηὲ.
1022 1768 1171 1817 pluscu-

284 1833 372 1869 lum.

129 1897 202 1935 Me.
240 1897 329 1934 Ain'
359 1909 459 1944 vero,
488 1897 668 1935 verbero?
709 1897 799 1934 deos
830 1909 911 1934 esse
942 1896 997 1933 tui
1029 1896 1169 1933 similes

283 1963 416 2012 putas?
