1277 2193
77 122 128 159 62
354 133 623 162 AMI‘HITRUO.
663 134 744 161 Aer.
766 133 821 162 111.
850 134 950 163 Sem.
972 135 998 162 2.

154 229 236 268 Qui
257 230 445 268 interdum
465 232 513 269 fio
534 232 557 268 J
562 232 719 281 uppiter,
742 233 892 281 quando
911 233 1027 269 lubet.

115 294 136 324 5
156 293 245 331 Huc
281 302 406 332 autem
436 309 548 345 quoni
582 297 768 346 extemplo
801 298 1001 334 adventum
1035 304 1202 346 apporto,

311 360 414 397 illico

153 424 381 474 Amphitruo
401 426 462 472 fio,
484 432 521 462 et
540 425 715 463 vestitum
735 427 893 463 immuto
913 440 1049 464 meum.

152 488 269 524 Nunc
289 489 364 525 huc
383 489 537 525 honoris
557 490 669 526 vestri
690 490 799 526 venio
819 490 953 539 gratia,

152 552 213 588 Ne
233 553 330 589 hanc
352 553 566 590 inchoatam
587 554 790 603 transigam
811 554 1069 599 Comoediam3

153 617 272 653 Simul
294 618 531 664 Alcumenae,
553 631 664 666 quam
685 619 739 654 vir
760 619 947 655 insontem
968 619 1095 667 probri

93 683 132 713 10
152 681 381 730 Amphitruo
403 690 567 728 accusat,
590 683 688 729 veni,
711 690 751 719 ut
772 683 953 719 auxilium
974 683 1111 728 feram;

149 745 251 782 Nam
272 759 354 783 mea
374 747 420 783 sit
441 748 563 796 culpa,
585 747 684 795 quod
706 755 857 797 egomet
878 748 1143 794 contraxerim,

150 811 192 847 Si
213 811 247 847 id
271 811 493 848 Alcumenae
515 812 708 848 innocenti
729 819 888 860 expetat.

148 874 265 911 Nunc
285 876 602 924 Amphitruonem
622 884 772 921 memet,
795 883 834 912 ut
853 876 1000 924 occoepi
1021 875 1148 922 semel,

149 939 243 976 Esse
265 940 503 986 assimulabo,
526 948 636 988 atque
657 940 694 976 in
716 940 849 976 horum
872 941 1052 977 familiam

90 1006 129 1037 15
149 1004 448 1040 Frustrationem
468 1005 580 1041 hodie
602 1005 770 1053 injiciam
791 1017 1014 1040 maxumam.

146 1069 237 1105 Post
257 1069 370 1118 igitur
391 1069 542 1105 demum
562 1069 698 1104 faciam
718 1081 776 1104 res
797 1069 859 1104 fiat
879 1069 1015 1117 palam,

146 1133 274 1181 Atque
297 1134 517 1169 Alcumena}
539 1133 575 1169 in
597 1140 764 1181 tempore
787 1133 965 1169 auxilium
988 1133 1116 1179 feram,

146 1198 376 1245 Faciamque
397 1206 436 1234 ut
457 1210 532 1233 uno
553 1198 656 1242 soetu,
679 1204 715 1233 et
735 1198 833 1244 quod
854 1197 1007 1246 gravida
1027 1204 1081 1233 est
1102 1197 1193 1243 viro,

146 1261 195 1297 Et
215 1274 274 1297 me
294 1261 392 1308 quod
413 1261 566 1310 gravida
585 1262 642 1305 'st,
665 1261 784 1308 pariat
804 1261 885 1296 sine
907 1261 1108 1297 doloribus.

84 1327 126 1357 20
146 1325 381 1361 Mercurium
398 1325 492 1374 jussi
512 1337 571 1360 me
592 1324 773 1360 continuo
795 1324 988 1371 consequi,

146 1390 187 1426 Si
208 1389 297 1438 quid
318 1389 450 1426 vellem
473 1389 666 1438 imperare.
723 1387 840 1424 Nunc
860 1388 958 1425 hanc
980 1389 1156 1437 alloquar.

554 1587 713 1622 SCENA
739 1587 781 1621 11.

422 1713 661 1749 ALCUMENA.
705 1711 911 1748 JUPPITEP..

197 1843 261 1878 Al.
292 1841 460 1878 DURARE
482 1854 628 1890 nequeo
645 1841 683 1877 in
699 1841 863 1877 aedibus:
892 1841 954 1886 ita,
973 1852 1031 1876 me
1049 1840 1188 1889 probri,

146 1905 287 1955 Stupri,
308 1906 505 1942 dedecoris
525 1919 545 1942 a
563 1906 643 1942 viro
663 1911 831 1954 argutam
850 1905 957 1940 meo!

145 1969 203 2007 Ea
222 1983 304 2019 quae
324 1976 411 2007 sunt
431 1970 541 2017 sacta,
562 1969 701 2008 infecta
719 1969 844 2015 refert,
866 1981 910 2006 ac
930 1968 1107 2006 clamitat.
