1277 2193
253 152 520 182 AMPHITRUO.
562 153 642 180 Ac‘r.
666 151 705 180 11.
735 152 835 180 Sena.
856 151 883 178 9..
1119 145 1172 182 53

38 251 100 289 So.
130 250 256 290 Recte
284 251 397 288 dicit:
427 258 469 288 ut
498 250 770 296 commeminit,
791 249 982 287 somnium
1009 262 1092 286 nar-

196 324 252 353 rat
272 316 352 353 tibi.

38 380 129 427 Sed,
159 381 306 427 mulier,
334 387 533 429 postquam
562 386 780 429 experrecta
808 392 861 425 es,
890 378 1092 429 prodigiali

196 444 282 481 Jovi

38 509 120 547 Aut
151 510 252 546 mola
285 510 384 546 salsa
416 509 543 555 hodie,
575 516 638 545 aut
670 509 780 545 thure
814 515 1094 558 comprecatam

195 575 371 623 oportuit.

37 638 103 676 Al.
138 639 207 675 Vae
241 639 355 687 capiti
388 639 475 675 tuo!
546 638 608 675 So.
648 637 737 674 Tua
770 638 868 674 istuc
900 637 1028 683 refert,
1063 636 1095 673 si

197 703 397 740 curaveris.

39 767 104 804 Al.
143 767 286 804 Iterum
319 768 396 816 jam
435 767 574 804 hic-in
608 779 667 803 me
701 766 948 802 inclementer
988 765 1094 810 dicit,

199 839 310 880 atque
330 832 367 867 id
387 832 468 868 sine
488 832 587 868 malo
600 833 614 867 ’ἶ
1114 836 1175 867 110

39 896 125 933 Am.
155 896 265 933 Tace
293 904 344 933 tu.
401 896 465 932 Tu
495 896 569 941 dic,
600 908 721 945 egone
752 896 816 932 abs
845 902 882 932 te
909 895 984 931 abii
1006 894 1096 931 hinc

198 961 311 997 hodie
332 973 419 997 cum
439 961 635 997 diluculo?

41 1024 106 1061 Al.
143 1024 245 1063 Quis
280 1025 393 1074 igitur
426 1024 499 1060 nisi
532 1037 598 1060 vos
629 1024 792 1060 narravit
825 1024 931 1069 mihi,
966 1023 1020 1060 illi
1055 1030 1096 1060 ut

199 1089 312 1124 suerit
330 1089 527 1137 praelium?

42 1152 128 1190 Am.
159 1153 223 1189 An
251 1153 363 1189 etiam
394 1153 431 1189 id
450 1163 491 1189 tu
520 1153 622 1189 seis?
677 1153 742 1189 Al.
771 1152 928 1201 Quippe
948 1165 1031 1201 quae
1051 1165 1098 1190 ex

200 1224 237 1253 te
259 1217 404 1253 audivi:
435 1224 475 1252 ut
496 1217 627 1253 urbem
647 1229 860 1253 maxumam

43 1280 369 1332 Expugnavisses3
413 1293 617 1331 regemque
654 1281 841 1318 Pterelam
877 1288 958 1318 tute
995 1281 1097 1318 occi-

202 1345 311 1382 deris.

45 1409 130 1447 Am.
166 1409 300 1458 Egone
328 1409 426 1446 istuc
454 1409 557 1445 dixi?
611 1410 677 1446 Al.
716 1409 820 1446 Tute
853 1409 952 1456 istic,
983 1410 1097 1446 etiam

205 1480 346 1510 astante
367 1474 440 1510 hoc
461 1473 581 1509 Sosia.
1117 1478 1177 1509 115

47 1537 132 1575 Am.
162 1536 389 1573 Audivistin’
411 1545 452 1574 tu
482 1549 542 1573 me
569 1550 721 1573 narrare
740 1537 814 1574 hoc
839 1537 977 1574 hodie?
1033 1537 1096 1574 So.

204 1601 280 1637 Ubi
299 1613 370 1650 ego
391 1601 623 1637 audiverim?

48 1665 134 1704 Am.
164 1664 278 1701 Hanc
296 1678 398 1714 roga.
454 1665 515 1702 So.
544 1665 609 1702 Me
629 1666 781 1714 quidem
800 1673 984 1714 praesente
1004 1679 1098 1703 nun-

206 1742 318 1777 quam
337 1729 478 1765 factum
498 1736 566 1775 est,
587 1730 687 1778 quod
708 1730 836 1767 sciam.

49 1793 135 1832 Am.
165 1792 308 1830 Mirum
329 1793 419 1841 quin
438 1800 474 1830 te
496 1793 673 1830 advorsus
688 1794 800 1831 dicat.
857 1794 943 1830 Am.
975 1794 1097 1841 Sosia,

208 1869 298 1908 age3
328 1869 388 1893 me
407 1857 482 1894 huc
503 1857 638 1906 aspice.

51 1920 115 1960 So.
144 1922 295 1972 Specto.
352 1921 437 1958 Am.
468 1922 570 1959 Vera
598 1922 681 1960 volo
708 1922 812 1971 loqui
839 1929 896 1961 te:
931 1922 1018 1960 nolo
1047 1934 1100 1959 as-

211 1985 349 2024 sentari
368 1986 472 2023 mihi.

365 2049 428 2087 5*
