1277 2193
246 127 516 158 AMPHITRUO.
557 130 639 158 Αετ.
660 129 716 158 111.
743 129 843 158 scm.
866 129 891 157 1.
1120 122 1169 160 61

40 228 172 275 Facta,
193 241 276 277 quae
305 235 346 265 tu
377 228 476 266 sacta
505 228 614 275 dicis,
636 228 728 278 quid
757 229 826 266 tibi
856 239 1007 277 aequum
1036 234 1093 265 est

196 294 303 331 fieri'!

38 358 226 408 Nunquid
242 371 395 396 causam
415 358 524 405 dicis,
544 359 634 408 quin
654 366 690 396 te
706 359 780 396 hoc
795 358 951 395 multem
967 358 1094 395 matri-

195 424 348 461 monio?

38 489 103 526 Al.
135 489 176 526 Si
197 489 352 537 deliqui,
374 489 477 526 nulla
505 501 623 525 causa
650 495 715 525 est.
772 487 858 525 Am.
888 487 1090 525 Convenit.

193 553 271 600 Tu,
293 554 415 599 Sosia,

37 618 124 655 Duc
144 618 213 655 hos
233 619 341 655 intro.
398 618 484 668 Ego
512 618 588 655 huc
618 618 663 654 ab
683 617 768 654 navi
796 629 946 654 mecum
978 616 1093 653 addu-

194 695 278 719 cam
298 682 543 719 Naucratem.

37 748 98 785 So.
129 747 247 784 Nunc
267 748 419 796 quidem
438 755 572 797 praeter
591 759 660 783 nos
676 758 790 784 nemo
809 753 886 783 est:
913 745 977 782 dic
995 745 1090 782 mihi

191 825 320 849 verum
340 812 452 858 serio,
1106 812 1169 843 225

35 876 179 926 Ecquis
201 877 295 914 alius
316 877 427 913 Sosia
447 876 590 923 intu’st‚
612 876 676 925 qui
696 875 770 912 mei
790 875 925 912 similis
944 875 1041 912 siet?

34 941 99 978 Al.
131 942 245 978 Abin’
268 942 357 978 hinc
379 954 399 978 a
418 954 478 978 me
498 941 636 990 dignus
652 940 807 977 domino
827 951 966 976 servus.
1024 939 1086 976 So.

190 1007 314 1051 Abeo,
337 1006 367 1042 si
384 1006 505 1054 jubes.

34 1071 99 1108 Al.
130 1070 257 1107 Nimis
277 1077 423 1110 ecastor
444 1070 592 1106 facinus
611 1069 749 1105 mirum
769 1075 837 1114 est,
855 1068 919 1117 qui
939 1068 993 1104 illi
1013 1068 1089 1104 col-

190 1135 338 1172 libitum
360 1135 430 1171 siet

34 1199 125 1237 Meo
145 1199 237 1244 vim,
259 1199 315 1235 sic
343 1211 403 1235 me
432 1197 651 1234 insimulare
680 1197 814 1234 falsum
844 1197 991 1234 facinus
1010 1205 1086 1234 tam

189 1264 339 1301 malum.

33 1329 231 1378 Quicquid
260 1335 328 1374 est,
354 1328 430 1377 jam
460 1339 506 1364 ex
533 1326 728 1363 Naucrate
757 1333 921 1377 cognato
942 1326 978 1364 id
999 1339 1087 1377 cog-

190 1405 345 1430 noscam
365 1404 460 1428 meo.
1101 1391 1165 1424 230

308 1591 470 1627 ACTUS
495 1589 557 1625 ΙΙΙ.
597 1590 758 1625 SCENA
783 1590 810 1624 I.

451 1714 474 1751 J
478 1727 658 1752 cPPrrER.

86 1846 172 1884 Eoo
193 1858 275 1883 sum
295 1845 357 1883 ille
376 1844 618 1894 Amphitruo,
640 1844 703 1882 cui
723 1851 779 1882 est
797 1857 924 1882 servus
944 1844 1069 1893 Sosia,

34 1910 142 1949 Idem
160 1910 376 1948 Mercurius
395 1909 458 1959 qui
478 1908 530 1956 fit,
551 1909 702 1958 quando
721 1910 961 1948 commodum
980 1910 1038 1948 'st

34 1974 80 2013 In
99 1974 292 2025 superiore
311 1974 375 2023 qui
394 1973 524 2012 habito
543 1973 762 2012 coenaculo:

190 2051 212 2076 P
328 2038 368 2075 ,6
