1277 2193
261 141 532 170 AMPlnTRUo.
574 141 653 169 Acvr.
676 139 715 169 11.
743 139 843 168 Sem.
863 139 891 166 2.
1128 129 1177 165 51

47 239 111 277 Al.
139 239 223 280 Qui
245 241 341 278 istuc
363 241 400 277 in
420 247 546 276 mente
567 247 622 276 est
641 239 722 285 tibi,
744 238 795 274 mi
816 238 882 284 vir,
903 243 1101 286 perconta-

204 306 277 341 rier
290 307 303 342 2

47 368 132 406 Am.
162 369 269 409 Quia
288 370 450 406 salutare
471 369 732 406 advenientem
753 380 812 404 me
841 367 988 404 solebas
1010 366 1102 403 anti-

205 434 313 470 dhac.
943 471 947 474 .

47 497 250 546 Appellare
272 498 401 534 itidem
422 505 462 534 ut
489 498 637 547 pudieae
658 509 746 533 suos
766 497 876 542 viros,
898 509 980 545 quae
1001 503 1100 542 sunt,

205 562 338 598 solent.
1120 559 1161 589 80

48 625 106 662 Eo
134 639 240 663 more
269 633 459 675 expertem
489 633 525 662 te
555 626 692 662 factam
728 625 930 661 adveniens
963 624 1102 661 offendi

130 728 132 731 ,
205 691 317 727 domi.

48 753 112 791 Al.
144 754 303 791 Ecastor
334 755 508 803 equidem
539 762 575 791 te
604 761 708 791 certo
737 754 816 790 heri
839 753 1102 790 advenientem

206 819 310 855 illico

47 883 98 920 Et
117 883 287 929 salutavi,
308 890 344 920 et
363 883 593 920 valuissesne
613 895 744 931 usque,
766 882 949 930 exquisivi
976 882 1101 928 simul,

48 947 106 984 Mi
138 948 215 984 vir:
259 955 296 984 et
328 961 482 985 manum
514 948 698 996 prehendi
727 954 763 984 et
791 947 965 983 osculum
993 947 1103 983 tetuli

205 1012 285 1048 tibi.

49 1077 111 1113 So.
141 1076 244 1112 Tun’
266 1077 347 1112 heri
367 1076 469 1112 hune
490 1076 722 1112 salutavisti?
777 1076 842 1112 Al.
873 1075 923 1111 Et
950 1082 987 1112 te
1014 1087 1104 1124 quo-

209 1153 281 1188 que
301 1140 427 1186 etiam,
449 1140 569 1176 Sosia.
1122 1144 1163 1175 85

50 1205 112 1242 So.
142 1204 385 1252 Amphitruo,
407 1204 551 1252 speravi
571 1216 642 1254 ego
672 1204 780 1240 istam
801 1204 869 1240 tibi
897 1204 1104 1253 parituram

207 1268 325 1304 filium
342 1281 348 1304 :

51 1333 196 1370 Verum
224 1345 300 1368 non
329 1339 385 1369 est
413 1345 530 1381 puero
559 1332 722 1381 gravida.
780 1331 865 1369 Am.
898 1332 1007 1372 Quid
1037 1332 1106 1382 igi-

209 1398 294 1433 tur?
349 1397 411 1433 Sc).
442 1396 606 1432 Insania.

54 1460 118 1497 Al.
149 1460 337 1508 Equidem
367 1474 457 1496 sana
485 1472 580 1505 sum,
602 1467 638 1496 et
667 1460 756 1496 deos
784 1473 924 1508 quaeso,
946 1467 986 1496 ut
1005 1461 1106 1497 salva

208 1524 353 1572 pariam
374 1525 502 1560 filium.

55 1588 198 1625 Verum
228 1596 266 1623 tu
296 1601 474 1636 magnum
504 1588 642 1624 malum
671 1588 839 1633 habebis,
861 1588 890 1624 si
913 1588 975 1624 hic
996 1601 1105 1625 suum

213 1652 379 1687 officium
400 1652 511 1687 facit:

56 1715 120 1753 Oh
153 1716 250 1752 istuc
282 1727 405 1760 omen,
441 1716 638 1762 oininator,
669 1716 795 1764 capies
824 1717 923 1764 quod
952 1723 988 1753 te
1017 1729 1105 1753 con-

214 1780 334 1815 decet.
1122 1787 1162 1818 90

58 1844 120 1881 So.
162 1843 366 1881 Enimvero
398 1844 607 1893 praegnanti
645 1850 791 1893 oportet
828 1851 864 1882 et
897 1845 1035 1882 malum
1068 1855 1104 1882 et

215 1907 354 1945 malum
374 1907 467 1953 dari,
