1277 2193
374 375 434 409 M.
470 375 610 409 ACCl
650 374 880 409 PLAUTI

271 538 948 588 AMPHITRUO

491 845 764 880 PROLOGUS.

502 957 756 995 RIERCL‘RIL‘S.

101 1074 163 1112 U'r
182 1086 249 1111 vos
268 1075 307 1111 in
326 1075 460 1112 vostris
478 1076 588 1112 voltis
607 1075 867 1112 mercimoniis

102 1139 304 1185 Emunriis,
324 1140 610 1188 vendundisque
631 1152 690 1175 me
709 1139 836 1176 laetum
856 1138 972 1175 lucris

102 1203 281 1249 Affieere,
304 1210 414 1251 atque
436 1204 610 1252 adjuvare
631 1204 668 1240 in
690 1204 803 1240 rebus
822 1203 1022 1239 omnibus:

102 1265 154 1304 Et
172 1273 213 1303 ut
233 1279 305 1313 res,
325 1267 564 1315 rationesque
584 1275 791 1304 vestrorum
811 1267 981 1303 omnium

102 1330 209 1368 Bene
228 1331 403 1380 expedire
421 1332 544 1376 voltis,
565 1344 794 1381 peregreque
814 1338 851 1367 et
871 1330 985 1376 domi,
1171 1339 1193 1369 5

102 1394 288 1443 Bonoque
309 1402 419 1444 atque
440 1396 562 1444 amplo
584 1403 735 1432 auctare
754 1403 935 1444 perpetuo
954 1395 1074 1440 luero,

102 1459 289 1508 Quasque
309 1460 503 1509 incepistis
523 1472 594 1505 res,
616 1472 782 1508 quasque
803 1459 1065 1507 inceptabitis:

104 1522 155 1560 Et
174 1523 228 1559 uti
249 1524 357 1560 bonis
375 1536 440 1560 vos
460 1530 677 1572 vostrosque
697 1523 819 1560 omnis
838 1523 981 1559 nuntiis

104 1587 171 1624 Me
193 1588 340 1624 afficere
359 1588 490 1624 voltis:
520 1601 564 1624 ea
585 1588 748 1632 afferam,
769 1600 813 1624 ea
833 1595 873 1624 ut
893 1588 1078 1633 nuntiem,

102 1651 205 1691 Quae
226 1652 387 1688 maxime
407 1652 445 1688 in
465 1665 542 1689 rem
563 1659 724 1688 vostram
745 1665 986 1688 communem
1007 1652 1125 1689 sient:
1172 1659 1212 1691 10

106 1715 226 1766 (Nam
259 1728 324 1752 vos
358 1716 510 1764 quidem
544 1716 581 1752 id
610 1717 685 1765 jan]
720 1717 825 1752 scitis
858 1729 1082 1752 conoessum
1115 1724 1153 1753 et

261 1780 389 1816 datum

104 1843 205 1882 Mihi
224 1856 306 1881 esse
326 1844 372 1880 ab
391 1844 463 1880 diis
485 1844 578 1890 aliis,
599 1845 741 1881 nuntiis
761 1845 908 1893 praesim
929 1851 966 1881 et
983 1845 1090 1882 lucro
1105 1846 1132 1897 z)

105 1907 203 1945 Haeo
221 1914 263 1944 ut
281 1921 341 1945 me
359 1908 469 1945 voltis
490 1910 707 1957 approbare,
729 1909 890 1963 apnitieg

105 1971 273 2009 Lucrum
292 1979 333 2009 ut
351 1985 515 2022 perenne
535 1973 639 2010 vobis
659 1985 804 2022 semper
823 1980 1014 2023 suppetat:
