1277 2193
66 87 140 125 112
353 96 616 126 AULULAmA.
657 98 738 126 Acw.
761 97 800 125 11.
829 97 930 126 Sem.
952 97 979 125 3.

141 191 269 230 Hodie
289 194 379 242 quin
400 196 582 232 faciamus
601 208 692 232 num
721 209 803 244 quae
833 209 947 232 causa
974 195 1057 232 est?
1112 193 1190 232 Eu.

296 258 417 295 Immo
437 260 569 308 edepol
590 266 753 308 optuma.

80 329 122 361 85
139 321 213 358 Me.
243 321 313 358 Ibo
333 323 458 372 igitur,
480 324 631 372 parabo.
689 322 874 371 Nunquid
895 335 955 359 me
974 323 1056 359 vis?
1111 321 1189 359 Eu.

295 385 409 423 Istuc.
466 387 539 423 Me.
571 387 666 423 Fiet.
723 387 830 424 Vale.

138 449 260 496 Heus,
281 451 458 497 Strobile,
479 464 636 499 sequere
655 463 813 500 propere
834 464 893 488 me
923 451 968 487 ad
990 450 1190 487 macellum

295 521 457 552 strenue.

138 578 216 618 Eu.
245 578 331 616 Illic
346 580 436 616 hinc
457 580 557 616 abiit.
615 579 665 616 Di
683 579 925 625 immortales,
942 580 1113 626 obsecro,
1131 592 1193 616 au-

293 655 374 679 rum
396 643 486 691 quid
505 643 623 679 valet!

137 706 264 744 Credo
283 719 354 756 ego
374 706 479 743 illum
495 707 572 755 jam
593 706 796 752 inaudisse,
817 706 910 742 mihi
935 719 1017 744 esse
1044 707 1192 744 thesau-

293 783 377 806 rum
397 770 521 806 domi:

137 833 182 870 Id
201 833 332 881 inhiat,
353 846 398 871 ea
419 834 635 871 affinitatem
657 834 756 870 hanc
776 834 978 871 obstinavit
997 835 1127 884 gratia.

535 1031 696 1065 SCENA
729 1031 790 1065 ΙΙΙ.

449 1155 612 1191 Eueno.
652 1156 877 1191 STAPHYLA.

187 1283 267 1320 Eu.
304 1283 381 1319 Um
410 1289 450 1318 tu
479 1295 530 1327 es,
561 1295 642 1330 quae
677 1282 918 1318 deblaterasti
947 1283 1023 1332 jam
1056 1284 1191 1322 vicinis

294 1346 482 1392 omnibus,

137 1411 236 1448 Meae
257 1423 316 1447 me
339 1411 422 1447 filiae
443 1411 616 1446 daturum
638 1410 790 1446 dotem?
819 1410 912 1446 heus
939 1411 1131 1460 Staphyla,
1153 1419 1190 1449 te

292 1487 408 1511 voco:

137 1538 289 1586 Ecquid
319 1537 451 1574 audis?
479 1537 631 1573 vaseula
660 1537 759 1573 intus
778 1549 870 1584 pure
889 1550 1048 1586 propera
1078 1547 1188 1588 atque

295 1602 389 1638 elue.

139 1665 276 1702 Filiam
305 1665 488 1714 despondi
518 1676 609 1714 ego3
641 1664 752 1700 hodie
772 1671 928 1712 nuptum
949 1665 1039 1702 huic
1059 1666 1188 1716 Mega-

296 1729 388 1765 doro
407 1729 514 1765 dabo.

101 1795 123 1827 5
139 1792 198 1831 St.
227 1791 277 1829 Di
298 1793 394 1829 bene
409 1798 565 1828 vortant.
622 1792 765 1828 Verum
785 1799 930 1829 ecastor
946 1806 1022 1830 non
1040 1801 1163 1843 potest
1178 1809 1185 1832 :

295 1856 459 1894 subitum
474 1847 535 1893 'est
553 1856 675 1892 nimis.
