1277 2193
82 127 156 165 134
370 135 623 163 AULULARIA.
664 135 743 163 Αοτ.
766 135 819 162 1v.
848 135 946 163 scm.
967 136 994 163 3.

99 232 139 264 10
159 233 209 269 Se
239 232 361 269 aulam
392 240 565 270 onustam
597 233 677 270 auri
704 233 923 271 abstrusisse
950 233 1014 271 hic
1043 235 1144 272 intus
1169 234 1208 272 in

314 297 410 334 fano.
470 298 598 343 Fides,

158 361 260 397 Cave
288 368 327 397 tu
359 362 412 397 illi
445 362 579 408 fidelis,
611 374 749 410 quaeso,
779 362 905 410 potius
939 362 1066 409 fueris,
1098 376 1209 411 quam

314 426 418 462 mihi.

158 488 284 537 Atque
313 489 376 525 hic
405 496 508 538 pater
529 497 596 535 est,
619 496 659 526 ut
687 502 757 540 ego
786 490 931 539 opinor,
953 490 1076 539 hujus,
1099 490 1210 527 herus

315 566 426 601 quam
448 560 556 590 amat.

159 615 229 652 Ibo
250 616 340 652 hinc
366 617 485 653 intro:
515 618 778 665 perscrutabor
800 617 940 663 sanum,
962 617 991 653 si
1023 617 1211 654 inveniam

317 681 463 729 uspiam

159 744 320 791 Aurum,
348 745 437 781 dum
466 745 528 781 hic
557 752 612 782 est
641 752 860 795 occupatus.
918 745 994 782 Sed
1023 745 1054 781 si
1085 757 1213 794 reppe-

315 821 411 854 rero,
433 822 455 845 o
476 809 602 854 Fides,

101 869 140 900 15
160 872 276 909 Mulsi
297 873 509 922 congialem
530 873 678 921 plenam
700 874 835 909 faciam
855 873 923 909 tibi
943 873 1117 909 fideliam.

158 936 203 973 Id
225 937 317 974 adeo
336 937 403 973 tibi
427 937 583 973 faciam:
614 950 741 974 verum
770 950 841 987 ego
870 938 961 973 mihi
988 937 1126 983 bibam,
1147 935 1211 973 ubi

320 1001 356 1037 id
378 1001 514 1037 secero.

560 1199 721 1234 SCENA
753 1200 814 1233 ΙΙΙ.

604 1322 766 1359 EUCLIO.

214 1452 308 1489 NON
328 1458 468 1489 temere
489 1459 557 1498 est,
579 1452 679 1500 quod
699 1463 830 1488 corvos
851 1457 978 1487 cantat
997 1450 1089 1487 mihi
1109 1463 1213 1488 nunc

321 1517 366 1553 ab
385 1517 478 1553 laevei
499 1529 622 1552 manu.

164 1581 288 1618 Semel
318 1580 472 1616 radebat
500 1580 660 1628 pedibus
689 1586 839 1624 terram,
860 1585 897 1615 et
920 1590 1014 1615 voce
1043 1578 1213 1614 crocibat

319 1645 409 1680 suti:

164 1708 359 1745 Continuo
380 1720 504 1744 meum
525 1720 589 1744 cor
611 1707 724 1756 coepit
740 1713 855 1744 artem
877 1707 1000 1743 facere
1014 1705 1210 1751 ludicram,

165 1772 291 1821 Atque
323 1772 361 1808 in
390 1779 522 1821 pectus
555 1772 727 1809 emicare.
785 1771 862 1807 Sed
891 1782 963 1820 ego
992 1781 1098 1807 cesso
1130 1782 1213 1807 cur-

323 1847 414 1872 rere.
