1277 2193
270 121 522 151 AULULARIA.
564 122 644 149 Aer.
665 119 718 148 1v.
747 118 845 148 Sem.
864 118 893 147 7.
1106 105 1182 145 139

444 289 604 324 SCENA
638 288 715 322 VII.

214 413 460 450 chomnsss.
500 412 702 449 ΕυΝοΜΙΑ.
740 411 946 448 Pmmm.

109 542 185 590 Ly.
216 541 310 577 Dim
331 541 413 585 tibi,
432 547 548 576 mater
565 553 571 576 z
598 540 703 589 juxta
718 551 796 576 rem
816 548 966 575 mecum
983 542 1103 583 teneS‚

57 607 179 654 Super
201 604 398 641 Euclionis
418 604 503 640 filia.
560 604 689 649 Nunc,
711 611 747 640 te
767 603 937 647 obsecro,

58 670 138 706 Fac
158 670 387 705 mentionem
409 681 495 704 cum
517 668 711 713 avonculo,
732 673 848 703 mater
868 677 975 702 mea:

57 733 317 781 Resecroque,
340 740 469 778 mater,
490 732 589 780 quod
609 732 751 768 dudum
771 732 1065 767 obsecraveram.

57 798 134 834 Eu.
168 798 253 833 Scis
272 805 363 842 tute,
385 797 482 833 facta
502 797 597 832 velle
617 808 689 842 me,
710 808 791 843 quae
814 802 853 831 tu
873 794 974 831 velis.
1118 801 1143 833 5

57 862 107 898 Et
126 862 223 898 istuc
243 862 392 897 confido
414 874 434 897 a
453 861 564 897 fratre
584 872 643 896 me
663 860 932 908 impetrassere.

57 925 107 962 Et
128 939 241 962 causa
257 926 357 974 justa
376 932 443 970 est,
465 925 651 972 siquidem
672 924 722 960 ita
741 931 796 960 est
816 929 855 959 ut
874 921 1071 971 praedictae»,

57 989 118 1025 Te
138 1001 219 1025 eam
241 989 506 1036 compressisse
527 988 772 1031 vinolentum,
793 986 987 1035 virginem.

58 1053 134 1101 Ly.
165 1052 297 1101 Egone
318 1059 358 1087 ut
378 1059 414 1087 te
435 1051 630 1086 advorsum
651 1050 823 1094 mentiar,
844 1055 961 1085 mater
980 1048 1090 1085 mea?

58 1117 135 1152 1²11.
165 1116 278 1161 Perii,
300 1128 383 1151 mea
402 1115 548 1150 nutrix!
579 1115 737 1150 obsecro
756 1112 809 1149 te!
1124 1121 1164 1153 10

58 1180 159 1216 Juno
179 1180 318 1224 lucina,
340 1186 442 1215 tuam
468 1179 576 1215 fidem
594 1179 600 1214 Ι
631 1178 706 1226 Ly.
738 1177 851 1222 Hem,
872 1183 989 1213 mater
1009 1188 1105 1223 mea,

58 1244 149 1280 Tibi
171 1256 248 1279 rem
268 1244 452 1291 potiorem
473 1242 604 1278 video:
635 1242 784 1286 clamat,
804 1240 974 1289 parturit.

63 1307 135 1345 Eu.
174 1307 191 1343 I
221 1308 292 1343 hac
320 1308 419 1343 intro
448 1318 610 1352 mecum,
640 1312 753 1355 gnate
786 1305 850 1351 mi,
881 1305 926 1342 ad
955 1304 1106 1342 fratrem

216 1384 353 1416 meum,

63 1434 110 1471 Ut
130 1435 225 1470 istuc
246 1435 344 1482 quod
363 1442 403 1470 tu
424 1446 482 1469 me
503 1446 599 1479 oras,
620 1433 780 1470 efficiam
800 1432 881 1478 tibi,

43 1495 110 1534 ‘Ut
126 1498 222 1534 istuc
239 1498 337 1545 quod
353 1510 411 1533 me
431 1510 526 1542 oras,
544 1497 780 1545 impetratum
798 1496 844 1532 ab
863 1507 908 1532 eo
929 1495 1102 1533 auferam.
1122 1505 1163 1536 15

64 1563 137 1610 Ly.
168 1561 199 1606 1,
217 1561 292 1609 jam
312 1574 446 1609 sequor
465 1569 514 1606 te,
535 1569 664 1597 mater.
721 1560 795 1596 Sed
816 1571 960 1596 servom
979 1572 1105 1597 meum

62 1625 268 1663 Strobilum
288 1625 401 1661 miror
420 1625 485 1660 ubi
505 1624 564 1670 sit,
586 1637 694 1672 quem
715 1636 786 1673 ego
804 1636 864 1660 me
879 1624 1062 1673 jusseram

64 1689 141 1725 Hic
160 1688 332 1737 opperiri.
392 1688 508 1724 Nunc
528 1700 598 1738 ego
617 1700 766 1724 mecum
783 1687 923 1737 cogito,

63 1754 106 1790 Si
125 1753 215 1789 mihi
236 1752 297 1788 dat
317 1764 481 1801 operam,
502 1765 562 1789 me
581 1752 634 1788 illi
655 1751 765 1788 irasci
786 1751 962 1801 injurium
978 1758 1046 1789 est.

67 1817 132 1854 [bo
154 1817 264 1859 intro,
284 1816 349 1853 ubi
369 1817 415 1853 de
434 1816 557 1864 capite
576 1828 660 1853 meo
679 1822 765 1852 sunt
783 1815 945 1853 comitia.
1118 1826 1161 1858 20
