1277 2193
347 124 618 153 AMPmTRUo.
660 125 861 154 suprosm.
1085 143 1094 157 ,
1152 113 1203 156 73

72 221 148 259 Me.
176 222 371 271 Pergin'?
422 223 509 260 Am.
537 224 678 272 Pergo.
725 223 803 260 Me.
830 222 982 272 Accipe.
1034 221 1121 259 Am.

229 288 399 334 sceleste,
429 288 469 324 in
497 288 651 325 horum?
680 288 713 325 si
738 294 772 325 te
790 287 896 325 hodie
925 287 1126 336 apprehen-

229 351 327 397 dero,
1144 353 1182 384 10

71 415 140 452 Ad
156 416 199 452 id
216 416 385 467 redigam
405 418 651 463 miseriarum,
672 424 714 455 ut
733 431 870 467 semper
889 417 940 454 sis
960 416 1080 454 miser.

73 479 150 517 Me.
172 481 402 518 Bacchanal
420 487 454 519 te
470 483 671 519 exercuisse
687 483 865 532 oportuit,
880 494 996 520 senez.
1035 481 1127 520 Am.

233 545 317 589 Qui
337 545 421 582 dum
434 549 451 582 ?

73 609 150 646 Me.
186 610 351 654 Quando
385 617 425 647 tu
458 625 510 648 me
542 608 645 648 ficum
677 625 815 649 servom
847 624 979 648 censes.
1037 610 1125 648 Am.

237 675 373 718 Quid?
404 679 555 713 censeo?

73 737 150 776 Me.
181 739 327 776 Malum
357 740 451 776 tibi:
480 747 624 789 praeter
652 740 972 790 Amphitruonem,
1001 740 1128 777 herum

230 805 316 840 novi
334 805 518 841 nominem.

74 867 160 905 Am.
190 868 467 918 Numformam
479 869 635 919 perdidi
647 872 663 905 ?
692 870 824 906 mirum
843 870 935 919 quin
953 882 1005 907 me
1024 869 1128 907 ηὸνίτ

231 933 354 970 Sosia.
1147 937 1186 969 15

75 996 308 1034 scrutabor:
337 998 400 1034 eho
418 998 478 1034 dic
507 998 608 1044 mihi,
630 998 713 1047 quis
742 997 897 1035 videor?
926 1010 1012 1034 nam
1030 997 1127 1034 satis

231 1061 458 1110 Amphitruo
472 1064 488 1097 ?

76 1124 152 1163 Me.
187 1125 440 1175 Amphitruo!
482 1139 642 1163 sanusne
674 1128 740 1163 es?
782 1139 900 1163 nonne
932 1126 1003 1163 tibi
1027 1138 1129 1177 proe-

232 1190 384 1237 dictum,
404 1203 522 1237 senez,

76 1254 304 1292 Bacchanal
343 1261 376 1292 te
414 1256 627 1301 emrcuisse,
665 1269 771 1305 quom
807 1256 873 1305 qui
908 1254 974 1302 sis,
1012 1255 1129 1293 alium

233 1320 372 1368 rogites
387 1323 403 1356 ,7

78 1383 256 1430 Abscede,
272 1398 392 1422 moneo
404 1398 416 1420 .·
444 1385 613 1421 molestus
633 1398 676 1422 ne
695 1386 778 1431 sieS,
795 1385 880 1422 dum
898 1384 1128 1434 Amphitruo

82 1448 175 1486 Cum
189 1461 310 1495 uxore,
325 1449 427 1486 modo
442 1463 482 1486 ez·
497 1450 661 1486 hostibus
677 1450 888 1496 adveniens,
903 1449 1129 1499 voluptatem

237 1514 349 1562 capit.
1145 1525 1187 1557 20

81 1578 168 1615 Am.
202 1577 294 1621 Qud
321 1581 459 1616 uxore?
526 1578 602 1615 Me.
632 1578 849 1617 Alcumena.
906 1579 993 1617 Am.
1027 1577 1128 1623 Quis

236 1642 365 1679 homo?
421 1642 497 1680 Me.
523 1643 704 1687 Quotiens
733 1644 789 1680 vis
817 1643 985 1681 dictum?
1040 1642 1130 1681 Am-

232 1707 404 1756 phitruo,

81 1770 212 1809 Herus
240 1783 348 1808 meus.
415 1770 594 1809 Molestus
621 1785 664 1810 ne
692 1772 773 1810 sies.
842 1772 930 1810 Am.
963 1771 1130 1818 Quicum

239 1835 350 1872 cubat
363 1837 380 1872 ,7

84 1898 161 1938 Me.
186 1899 277 1938 Vide
295 1913 338 1938 ne
358 1899 606 1950 infortunium
624 1914 786 1953 quoeras,
805 1901 872 1954 qui
888 1914 942 1942 me
959 1901 1014 1942 sic
1031 1899 1127 1943 ludi-

228 1963 323 2014 fices
337 1967 354 2002 .⁷

241 2042 263 2066 P
395 2032 418 2068 7
