1277 2193
261 133 532 163 AMPmTRUo.
573 134 654 162 Aer.
677 133 716 162 11.
744 133 846 163 scm.
871 133 895 160 1.
1130 123 1183 161 45

44 230 186 269 Praeter
214 244 275 269 me
295 232 467 279 alterum,
489 233 656 282 inquam,
678 232 882 270 adveniens
903 231 1039 269 faciam
1058 237 1101 268 ut

202 298 371 335 offendas
390 298 506 344 domi,

42 360 152 398 Davo
180 369 430 412 prognatum;
470 369 578 412 patre
610 362 744 400 eodem
775 374 851 412 quo
883 374 956 412 ego
987 373 1096 398 sum:

200 426 332 472 formfi,
354 434 463 463 aetate
484 427 573 463 item

39 488 133 530 Qua
165 502 236 540 ego
269 504 363 528 sum.
432 491 542 531 Quid
575 492 699 540 opu’st
730 491 880 528 verbis?
922 490 1098 541 geminus

198 556 309 592 Sosia
328 556 391 592 hio
412 556 563 592 faetu’st
583 557 663 593 tibi.

38 617 124 656 Am.
164 619 298 657 Nimia
327 633 516 658 memoras
546 621 651 658 mira.
710 620 788 658 Sed
817 620 982 657 vidistin'
1005 632 1095 657 uxo-

196 697 275 721 rem
296 686 446 722 meam?

37 747 99 785 So.
136 748 248 788 Quin
276 749 433 786 introire
462 749 501 786 in
530 750 621 787 aedis
642 762 836 799 nunquam
853 749 1004 786 licitum
1023 755 1090 786 est.

193 813 278 850 Am.
316 814 418 854 Quis
438 821 474 850 te
492 815 712 863 prohibuit?
1110 817 1153 849 '70

34 876 98 914 So.
137 877 248 915 Sosia
278 878 354 925 ille,
376 891 489 928 quem
513 879 738 929 jamdudum
767 879 868 926 dico,
889 879 922 916 is
941 878 1005 928 qui
1031 890 1092 916 me

194 943 379 980 contudit.

34 1005 119 1043 Am.
158 1006 260 1046 Quis
291 1007 378 1044 istic
408 1007 520 1044 Sosia
551 1009 632 1044 est?
688 1008 750 1044 So.
790 1007 889 1058 Ego,
921 1007 1087 1056 inquam.

189 1071 356 1110 Quoties
376 1072 581 1108 dicendum
602 1078 658 1108 est
676 1072 775 1108 tibi?

32 1134 117 1172 Am.
157 1135 235 1171 Sed
265 1135 355 1183 quid
387 1135 467 1172 ais?
501 1149 592 1172 num
623 1136 884 1173 obdormivisti
913 1136 1087 1173 dudum?

188 1199 250 1236 So.
289 1199 491 1248 Nusquam
511 1200 694 1249 gentium.

31 1262 117 1300 Am.
155 1263 215 1300 Ibi
236 1264 331 1301 forte
362 1264 474 1300 istum
494 1264 526 1301 si
545 1264 703 1301 vidisses
723 1265 912 1313 quendam
932 1265 971 1302 in
990 1278 1087 1303 som-

186 1328 246 1365 nis
267 1328 429 1365 Sosiam.

31 1390 94 1428 So.
133 1392 224 1429 Non
261 1393 366 1429 soleo
404 1405 476 1443 ego
514 1393 770 1431 somniculose
808 1394 890 1432 heri
928 1394 1087 1444 imperia

187 1457 372 1505 persequi.
1103 1466 1144 1497 75

31 1520 205 1570 Vigilans
237 1521 328 1567 vidi,
362 1521 521 1571 vigilans
558 1534 662 1558 nunc
693 1529 730 1559 te
768 1523 891 1570 video,
924 1524 1085 1575 vigilans

189 1584 347 1630 fabulor,

30 1648 264 1699 Vigilantem
298 1649 362 1685 ille
397 1662 458 1686 me
492 1650 716 1699 jamdudum
750 1651 912 1702 vigilans
943 1654 1084 1704 pugnis

187 1713 369 1750 contudit.

29 1776 114 1814 Am.
152 1777 255 1817 Quis
283 1777 420 1815 homo?
475 1778 537 1815 So.
579 1779 702 1826 Sosia,
725 1779 891 1829 inquam,
911 1793 984 1831 ego
1004 1781 1078 1820 ille.

185 1841 344 1887 Quaeso,
365 1853 493 1879 nonne
513 1842 722 1894 intelligis?

28 1904 113 1943 Am.
151 1905 247 1952 Qui,
263 1906 418 1952 malum,
435 1906 648 1958 intelligere
663 1908 862 1958 quisquam
879 1910 979 1960 potis
997 1912 1078 1948 est?

184 1970 243 2007 Ita
260 1984 381 2022 nugas
403 1971 523 2009 blatis.
