1277 2193
61 147 113 184 26
349 155 617 186 AMPHITRUO.
659 156 740 184 Aer.
762 155 785 184 1.
815 156 914 185 Sem.
939 156 962 184 ι.

138 251 283 290 Nescio
311 267 423 303 quem
451 255 555 303 loqui
585 261 772 292 autumat:
803 255 895 291 mihi
924 261 1029 291 certo
1048 266 1186 292 nomen

293 320 403 356 Sosia
423 327 489 357 est.

135 382 209 420 Me.
248 383 353 420 Hinc
381 385 481 421 enim
510 384 602 421 mihi
631 385 783 421 dextera
803 397 872 420 vox
894 383 1005 430 auris,
1027 391 1068 420 ut
1086 384 1185 421 vide-

291 455 364 494 tur,
386 449 565 485 verberat.

133 512 196 549 So,
236 511 370 549 Metuo
389 514 493 549 vocis
512 526 559 549 ne
579 513 661 549 vice
682 513 793 549 hodie
813 513 874 549 hic
894 514 1079 562 vapulem,
1100 526 1182 561 quae

290 577 392 613 hunc
412 578 591 614 verberat.

132 640 206 678 stIe.
244 641 411 690 Optume
431 654 565 678 eccum
585 641 727 678 incedit
748 641 790 678 ad
808 654 878 678 ine.
925 641 989 678 So.
1019 641 1179 678 Timeo:

286 712 388 742 totus
406 712 548 754 torpeo.

51 771 111 802 180
129 769 219 806 Non
248 769 380 818 edepol
410 783 512 806 nunc
542 770 605 806 ubi
625 777 808 807 terrarum
839 770 910 807 sim
930 770 1023 817 scio,
1045 770 1075 807 si
1096 769 1180 818 quis

284 841 412 884 roget:

126 898 264 946 Neque
293 899 404 935 miser
434 911 494 935 me
521 911 759 935 commovere
786 911 938 947 possum
957 912 1032 948 prae
1053 898 1178 935 formi-

283 963 383 999 dine.

125 1026 248 1072 Ilicet,
270 1027 445 1063 mandata
465 1027 544 1063 heri
563 1027 768 1075 perierunt,
790 1028 865 1063 una
886 1034 922 1063 et
942 1028 1061 1064 Sosia.

124 1091 268 1128 Verum
298 1092 452 1127 certu'st
480 1092 714 1128 confidenter
739 1091 931 1127 hominem
950 1098 1081 1128 contra
1101 1091 1176 1128 col·

281 1155 397 1203 loqui,

122 1219 242 1269 Igitur
271 1219 335 1267 qui
362 1220 503 1268 possim
524 1220 641 1255 videri
671 1219 760 1255 huic
790 1219 909 1264 fortis,
932 1231 951 1255 a
972 1231 1030 1255 me
1050 1226 1091 1256 ut
1112 1220 1172 1256 ab·

279 1283 414 1320 stineat
435 1296 596 1319 manum.

43 1347 103 1378 185
121 1348 194 1385 Me.
232 1348 325 1387 Quo
357 1347 525 1383 ambulas
556 1354 608 1392 tu,
640 1346 704 1395 qui
735 1347 950 1383 Vulcanum
982 1346 1019 1383 in
1051 1360 1168 1384 cornu

278 1411 501 1448 conclusum
521 1411 645 1460 geris?

120 1477 181 1513 So.
219 1476 327 1516 Quid
356 1476 393 1512 id
423 1475 586 1523 exquiris
614 1482 668 1521 tu,
690 1475 754 1523 qui
781 1475 919 1525 pugnis
948 1488 989 1512 os
1017 1488 1167 1513 exossas

276 1540 517 1577 hominibus?

119 1605 192 1642 Me.
232 1606 368 1641 Servos
397 1617 499 1651 esne,
520 1617 565 1641 an
586 1604 706 1641 liber?
760 1604 821 1641 So,
860 1604 1061 1653 Utcunque
1090 1604 1165 1641 ani-

275 1681 337 1705 mo
357 1669 566 1706 collibitum
587 1676 642 1706 est
661 1681 756 1706 meo.

118 1734 192 1771 Mc.
226 1733 317 1770 Ain'
333 1734 447 1770 vei-0¹?
503 1733 565 1770 So.
600 1733 676 1770 Aio
696 1733 794 1770 enim
811 1745 907 1770 vero.
964 1732 1036 1769 Me.
1071 1732 1162 1769 Ver-

275 1798 376 1834 bero.
432 1797 495 1834 So.
534 1796 709 1834 Mentiris
727 1810 830 1834 nunc
852 1797 975 1849 [jam].

118 1862 192 1900 Me.
230 1861 284 1898 At
307 1861 383 1910 jam
412 1861 547 1898 faciam
567 1868 608 1898 ut
627 1874 754 1899 verum
781 1861 885 1899 dicas
904 1861 1041 1898 dicere.
1097 1860 1158 1896 So.

273 1925 380 1965 Quid
400 1937 446 1964 eo
465 1932 519 1964 est
538 1927 656 1976 opus?
