1277 2193
75 123 149 160 122
360 132 613 162 AULULARIA.
655 134 733 162 Αοτ.
757 134 812 161 ΠΙ,
841 134 939 162 Sem.
961 135 988 162 2,

151 227 288 278 Neque
316 231 378 268 cui
408 244 479 282 ego
508 232 553 269 de
583 232 767 269 industrie
803 233 961 282 amplius
990 232 1086 270 male
1118 233 1203 282 plus

308 295 441 332 lubens
462 297 585 333 faxim.

154 359 216 395 Co.
247 359 315 396 Pol
345 360 414 396 etsi
444 367 583 407 taceas,
604 361 726 410 palam
757 362 793 398 id
815 362 967 410 quidem
997 368 1064 398 est.
1121 362 1203 398 Res

309 424 388 472 ipsa
408 425 513 461 testis
534 432 599 461 est.

150 487 207 524 Ita
227 489 387 525 fustibus
407 502 489 525 suin
510 490 656 526 mollior
686 490 798 526 miser
819 489 951 539 magis,
972 502 1084 538 quam
1104 490 1203 527 ullus

308 552 486 590 cinaedus.

151 616 228 652 Sed
258 617 349 664 quid
383 617 450 653 tibi
485 630 568 663 nos,
604 618 778 654 mendice
811 618 938 664 homo,
972 618 1089 654 tactio
1121 619 1202 655 est?

308 694 390 729 quze
412 683 495 718 res?

92 750 131 781 10
150 745 228 782 Eu.
258 745 384 782 Etiam
405 747 570 794 rogitas?
602 759 646 782 an
667 746 755 793 quia
775 746 899 782 minus
918 758 1029 794 quam
1056 758 1203 794 aequom

308 817 386 846 erat
408 810 506 846 feci?

153 874 215 910 C'o.
246 874 348 910 Sine.
416 874 468 909 At
498 873 624 909 hercle
653 886 740 908 cum
770 873 870 909 malo
897 885 1035 923 magno
1063 880 1141 920 tuo,
1171 872 1202 910 si

306 938 378 973 hoc
399 945 512 986 eaput
532 937 654 973 sentit.

149 1002 228 1038 Eu.
258 1002 325 1038 Pol
347 1014 418 1050 ego
438 1001 536 1037 haud
558 1001 638 1036 seio
660 1001 748 1048 quid
768 1008 852 1049 post
873 1001 947 1047 fiat,
970 1008 1077 1037 tuum
1100 1014 1202 1038 nuno

307 1074 418 1114 caput
439 1065 560 1101 sentit.

151 1131 227 1167 Sed
249 1130 287 1167 in
308 1130 451 1167 {edibus
472 1130 562 1177 quid
582 1129 649 1165 tibi
671 1129 851 1165 meisnam
873 1136 952 1165 erat
972 1130 1130 1179 negotii,

151 1194 216 1231 Me
238 1195 402 1239 absente,
424 1194 496 1229 nisi
526 1206 596 1243 ego
621 1194 834 1242 jusseram?
865 1193 949 1229 volo
969 1194 1076 1230 scire.
1136 1193 1200 1231 C'o,

310 1258 418 1294 Tace
439 1270 538 1305 ergo.

93 1324 132 1356 15
149 1322 257 1362 Quia
288 1322 458 1358 venimus
490 1328 644 1356 coetum
678 1320 722 1355 ad
755 1319 917 1367 nuptias,
985 1320 1063 1357 Ειι.
1092 1320 1201 1360 Quid

308 1393 361 1431 tu,
383 1385 535 1430 malum,
556 1397 666 1420 curas

149 1451 284 1488 Utrum
315 1450 473 1486 crudum
495 1462 538 1485 an
561 1455 712 1484 coctum
742 1447 863 1493 edim3
894 1448 966 1484 nisi
987 1455 1027 1484 tu
1048 1449 1141 1486 mihi
1161 1463 1202 1488 es

307 1514 433 1550 tutor?
531 1506 533 1509 ¹

154 1579 217 1616 Co.
246 1579 346 1615 Volo
375 1577 484 1623 scire,
506 1577 606 1613 sinas
635 1589 681 1613 an
709 1589 783 1612 non
813 1576 913 1612 sinas
941 1589 1010 1613 nos
1036 1589 1199 1626 coquere

310 1641 372 1678 hio
392 1642 564 1678 coenam?

151 1707 229 1744 Ea.
260 1706 359 1743 Volo
378 1706 476 1742 scire
497 1705 585 1741 item
606 1717 690 1754 ego,
711 1717 802 1741 meae
823 1705 924 1741 domi
945 1717 1078 1742 meane
1096 1705 1199 1742 salva

309 1770 457 1806 futura?

155 1834 217 1872 C'o.
246 1833 400 1872 Utinam
421 1845 503 1870 mea
523 1833 615 1870 mihi
636 1833 747 1870 modo
774 1832 951 1880 auferam,
973 1846 1054 1882 quae
1074 1831 1196 1881 attuli,

308 1897 428 1935 salva!
