1277 2193
39 106 95 144 36
333 114 599 144 AMPffl'rRuo.
640 116 720 144 Αετ.
742 115 765 144 1.
793 116 893 145 scm.
913 116 941 143 ⁶2.

64 218 105 250 15
122 212 250 262 Atque
270 214 500 251 insimulabit
519 227 602 252 eam
620 214 758 264 probri.
814 215 918 251 Tum
938 226 1044 251 meus
1061 220 1167 264 pater

122 278 218 316 Eam
237 279 461 316 seditionem
482 280 519 316 in
539 280 781 328 tranquillum
800 280 979 316 conseret.

120 343 241 380 Nunc
258 344 306 380 de
325 344 553 390 Alcumeus,
574 344 715 381 dudum
735 345 833 393 quod
854 345 931 381 dixi
950 344 1088 391 minus,

122 407 250 444 Hodie
269 408 332 445 illa
350 408 470 456 pariet
489 408 584 444 filios
603 409 774 458 geminos
794 409 909 445 duos:

121 472 229 509 Alter
249 473 409 509 decumo
428 480 511 521 post
531 485 659 510 mense
677 481 851 510 nascetur
870 486 961 522 puer

62 542 103 573 20
120 536 250 576 Quam
270 537 498 582 seminatus3
530 537 621 574 alter
641 550 768 574 mense
788 545 969 586 septumo.

122 600 265 637 Eorum
285 601 574 650 Amphitruonis
595 602 685 638 alter
705 608 771 647 est,
795 603 885 638 alter
905 602 1021 639 Jovis.

122 665 264 702 Verum
284 666 419 702 minori
440 679 558 714 puero
578 666 695 715 major
714 673 769 702 est
788 673 904 714 pater,

122 728 250 766 Minor
270 730 412 779 majori.
469 730 604 766 Jamne
624 731 696 766 hoc
716 731 822 766 scitis
842 731 932 778 quid
952 731 1049 767 siet?

122 794 197 830 Sed
218 794 440 830 Alcumenae¹
462 795 570 843 hujus
591 795 742 831 lionoris
762 795 895 843 gratia,

63 863 104 894 25
122 858 232 895 Pater
252 859 396 895 curavit
415 871 491 895 uno
511 866 550 895 ut
571 859 659 895 foetu
680 859 805 904 fieret3

121 922 208 960 Uno
228 930 268 959 ut
286 923 414 960 labore
435 923 600 960 absolvat
620 936 805 960 aerumnas
825 923 930 969 duas,

121 985 171 1023 Et
190 999 238 1023 ne
259 986 297 1023 in
317 987 531 1036 suspicione
551 995 710 1036 ponatur
730 988 861 1036 stupri,

122 1050 172 1087 Et
192 1050 425 1088 clandestina
444 1059 485 1088 ut
504 1052 645 1088 celetur
666 1052 842 1100 suspicio.

119 1114 365 1163 Quanquam,
386 1123 427 1152 ut
442 1116 518 1165 jam
540 1116 682 1152 dudum
702 1116 793 1162 dixi,
814 1116 993 1154 resciscet
1011 1124 1136 1155 tamen

63 1181 102 1213 30
121 1179 350 1228 Amphitruo
378 1192 456 1216 rem
484 1193 645 1216 omnem.
701 1180 809 1219 Quid
831 1180 969 1229 igitur?
998 1194 1109 1219 nemo
1128 1181 1168 1219 id

275 1244 413 1292 probro

119 1307 298 1344 Profecto
316 1307 430 1343 ducet
449 1307 682 1344 Alcumenae.
740 1306 841 1343 Nam
860 1308 972 1344 deum

120 1371 211 1408 Non
230 1383 296 1420 par
315 1371 460 1408 videtur
481 1371 617 1417 facere,
638 1371 818 1408 delictum
837 1384 945 1408 suum

122 1436 314 1484 Suamque
333 1435 482 1484 culpam
501 1443 674 1485 expetere
695 1436 732 1472 in
753 1436 946 1473 mortalem
967 1445 1007 1473 ut
1026 1437 1133 1476 sinat.

121 1499 344 1537 Orationem
364 1490 629 1549 comprimam:
660 1501 805 1549 crepuit
824 1500 923 1537 foris.

63 1567 104 1600 35
121 1563 349 1613 Amphitruo
368 1564 588 1611 subditivus‚
608 1577 756 1611 eccum,
776 1565 851 1603 exit
872 1565 982 1613 foras,

121 1627 222 1666 Cum
241 1628 456 1667 Alcumena
475 1641 590 1667 uxore
609 1629 790 1667 usuraria.
