1277 2193
71 85 145 123 100
369 92 631 121 AULULARIA.
672 93 754 121 AcT.
776 92 799 120 1.
829 92 929 122 scm.
953 94 977 121 1.

286 143 292 160 ἱ

147 189 320 241 Digitum
350 197 603 228 transversum
636 199 698 230 aut
728 204 895 242 unguem
927 192 1043 229 latum
1073 203 1200 229 exces-

301 256 406 302 seris,

145 319 225 356 Aut
244 320 275 356 si
295 321 472 369 respexis,
495 320 675 357 donicum
695 333 766 370 ego
786 327 822 358 te
838 321 997 370 jussero,

85 385 126 415 20
145 383 339 421 Continuo
361 386 487 422 hercle
507 398 579 435 ego
598 392 635 422 te
654 386 789 422 dedam
809 385 1032 435 discipulam
1054 385 1170 422 cruci.

144 448 415 486 Scelestiorem
436 462 494 486 me
514 450 586 486 hac
607 463 679 486 anu
700 456 802 486 certe
823 450 903 486 scio

144 511 297 549 Vidisse
333 526 546 563 nunquam:
592 514 780 563 nimisque
816 526 888 564 ego
930 514 1030 551 hanc
1069 521 1196 552 metuo

301 578 411 625 male,

141 640 204 677 Ne
223 641 315 678 mihi
335 655 381 678 ex
401 642 547 679 insidiis
567 643 680 680 verba
700 642 926 692 imprudenti
948 642 1041 688 duit,

141 704 229 742 Neu
249 707 510 755 persentiscat,
534 721 665 744 aurum
686 708 749 744 ubi
770 714 826 744 est
846 707 1130 744 absconditum:

81 773 121 805 25
139 769 240 808 Quae
261 770 298 806 in
320 771 499 820 occipitio
520 784 668 819 quoque
689 772 801 807 habet
820 771 964 813 oculos,
984 783 1170 820 pessuma.

139 833 257 870 Nunc
278 835 341 871 ibo
361 843 402 872 ut
421 835 551 881 visam,
573 843 629 872 est
648 848 696 872 ne
717 836 768 872 ita
789 848 920 872 aurum
940 843 981 872 ut
1001 835 1168 881 condidi,

138 897 257 937 Quod
278 911 338 935 me
358 899 536 936 sollicitat
554 900 725 948 plurimis
745 900 922 936 miserum
945 899 1076 936 modis.

137 962 196 998 St.
226 962 313 1000 Nec
333 976 436 1000 nunc
456 971 641 1000 mecastor
658 964 747 1012 quid
764 964 855 1000 hero
874 976 946 1013 ego
966 964 1090 1000 dicam
1110 975 1195 1000 meo

138 1026 251 1066 Malae
271 1028 325 1064 rei
345 1028 527 1074 evenisse,
549 1041 707 1076 quamve
727 1028 925 1074 insaniam,

77 1103 119 1134 30
136 1093 254 1133 Queo
282 1092 543 1129 comminisci:
575 1092 626 1129 ita
646 1093 820 1129 miseram
840 1105 900 1129 me
922 1091 965 1129 ad
987 1092 1089 1129 hunc
1117 1103 1195 1129 mo-

294 1158 384 1193 dum

135 1221 277 1258 Decies
297 1221 358 1257 die
378 1233 454 1256 uno
475 1233 572 1268 saepe
592 1220 754 1256 extrudit
774 1220 928 1256 aedibus.

135 1285 281 1323 Nescio
309 1285 370 1333 pol
400 1297 482 1332 quae
512 1284 629 1320 illunc
657 1284 849 1320 hominem
879 1283 1111 1333 intemperiae
1139 1290 1193 1322 te-

293 1356 404 1393 nent3

135 1413 340 1462 Pervigilat
359 1419 491 1449 noctes
512 1419 628 1449 totas:
659 1419 737 1448 tum
760 1419 882 1448 autem
905 1412 1089 1449 interdius

135 1478 261 1517 Quasi
283 1477 440 1514 claudus
460 1484 563 1513 sutor
583 1477 685 1512 domi
706 1476 810 1512 sedet
829 1483 929 1513 totos
949 1477 1039 1513 dies.

77 1548 117 1580 35
137 1542 275 1589 Neque
292 1542 368 1591 jam
389 1554 463 1590 quo
482 1548 594 1589 pacto
615 1541 733 1577 celem
755 1541 883 1577 herilis
902 1541 989 1577 filiae

137 1606 336 1651 probrum,
358 1605 567 1654 propinqua
586 1605 774 1653 partitudo
795 1605 857 1640 cui
879 1605 1031 1654 appetit,

135 1670 251 1710 Queo
285 1669 546 1706 comminisci:
586 1681 709 1717 neque
739 1669 940 1717 quiequam
971 1669 1105 1706 melius
1134 1676 1189 1707 est

293 1734 398 1780 mihi,

135 1798 187 1835 Ut
205 1797 351 1846 opinor,
373 1809 484 1845 quam
505 1810 550 1834 ex
568 1810 628 1833 me
649 1804 689 1834 ut
708 1810 822 1834 unam
843 1797 977 1834 faciam
998 1797 1145 1834 literam

137 1861 321 1912 Longam,
336 1874 459 1898 meum
472 1862 606 1909 laqueo
620 1862 758 1898 collum
775 1862 924 1910 quando
939 1861 1186 1898 obstrinxero.
