1277 2193
298 138 565 168 AMPHITRUO.
606 139 687 167 Aer.
709 138 733 166 1.
760 138 860 166 Sem.
883 137 908 166 1.
1143 127 1193 165 21

72 238 219 277 Velatis
263 239 437 276 manibus
482 244 602 284 orant,
640 238 881 288 ignoscamus
916 243 1118 287 peccatum

228 316 358 340 suum:

72 366 302 416 Deduntque
329 380 382 414 se,
408 367 534 404 divina
561 367 798 415 humanaque
825 366 964 413 omnia,
985 366 1117 404 urbem

229 439 266 469 et
284 432 434 477 liberos,

70 495 116 533 In
135 496 319 533 ditionem
335 503 445 544 atque
465 495 503 532 in
520 495 751 542 arbitratum,
768 496 911 543 cuncti,
927 495 1117 533 Thebano

225 560 349 609 poplo.

70 623 161 662 Post
180 625 228 661 ob
244 625 416 661 virtutem
436 624 527 661 hero
543 623 811 673 Amphitruoni
830 631 959 674 patera
978 623 1118 662 donata

228 701 340 726 aurea
359 695 426 734 est,

69 752 152 793 Qui
186 752 336 790 Pterela
365 753 525 802 potitare
556 765 621 790 rex
652 753 784 790 solitus
813 759 879 790 est.
936 752 1033 790 Haec
1061 751 1117 790 sic

226 817 349 854 dicam
370 817 481 855 herae.
1136 814 1196 848 105

68 880 188 919 Nunc
214 894 367 931 pergam
396 881 478 919 heri
506 881 706 931 imperium
734 881 882 930 exequi,
903 888 940 919 et
967 894 1029 919 me
1054 881 1118 919 do-

225 958 328 982 mum
349 958 554 994 capessere.

69 1010 143 1047 Me.
182 1009 296 1047 Atat!
327 1010 404 1047 illic
433 1010 508 1047 huc
535 1010 655 1047 iturus
683 1017 760 1048 est:
789 1010 852 1047 ibo
880 1023 952 1061 ego
980 1010 1034 1048 illi
1054 1011 1118 1048 ob-

226 1074 335 1110 viam.

70 1137 208 1187 Neque
241 1150 311 1187 ego
344 1138 447 1174 hunc
480 1138 671 1174 hominem
703 1138 815 1174 hodie
849 1138 896 1175 ad
926 1138 1017 1176 aedis
1050 1139 1118 1176 has

226 1201 347 1239 sinam
367 1214 531 1250 unquam
553 1202 756 1239 accedere:

70 1266 239 1307 Quando
260 1266 384 1316 imago
403 1272 458 1303 est
476 1266 587 1315 hujus
606 1266 645 1303 in
664 1278 736 1313 me,
758 1272 904 1303 certum
923 1273 980 1304 est
998 1266 1118 1305 homi-

226 1342 313 1367 nem
334 1330 496 1366 eludere.

72 1393 122 1431 Et
141 1394 345 1440 enimvero,
366 1394 544 1442 quoniam
564 1394 721 1431 formam
741 1394 825 1444 cepi
853 1395 964 1445 hujus
984 1395 1023 1432 in
1042 1408 1116 1443 me,

230 1465 266 1495 et
285 1466 435 1503 statum,
1136 1460 1196 1491 110

74 1521 196 1559 Decet
216 1528 254 1558 et
273 1522 372 1559 facta
391 1534 589 1570 moresque
608 1522 718 1572 hujus
738 1523 876 1560 habere
895 1535 957 1560 me
975 1523 1118 1562 similes

232 1586 330 1622 item.

74 1649 206 1698 Itaque
235 1662 294 1686 me
326 1650 465 1686 malum
498 1662 580 1687 esse
611 1658 769 1700 oportet,
799 1651 991 1699 callidum,
1021 1659 1118 1690 astu-

230 1720 310 1750 tum
331 1713 545 1760 admodum,

74 1777 202 1827 Atque
229 1777 344 1824 hunc,
366 1778 440 1814 telo
468 1790 536 1814 suo
564 1778 648 1825 sibi,
668 1779 812 1816 malitia
835 1792 856 1817 a
876 1780 1017 1818 foribus
1043 1781 1118 1831 pel-

233 1842 320 1878 lere.

77 1905 154 1944 Sed
173 1905 263 1955 quid
284 1906 375 1942 illuc
394 1907 476 1943 est?
531 1906 678 1944 Coelum
696 1915 882 1957 aspectat:
911 1909 1118 1947 observabo

235 1982 345 2018 quam
366 1983 444 2007 rem
467 1977 561 2020 agat.
