<?xml version="1.0" encoding="UTF-8"?>
<!DOCTYPE html PUBLIC "-//W3C//DTD XHTML 1.0 Transitional//EN"
    "http://www.w3.org/TR/xhtml1/DTD/xhtml1-transitional.dtd">
<html xmlns="http://www.w3.org/1999/xhtml" xml:lang="en" lang="en">
 <head>
  <title>
</title>
<meta http-equiv="Content-Type" content="text/html;charset=utf-8" />
  <meta name='ocr-system' content='tesseract 3.04.00' />
  <meta name='ocr-capabilities' content='ocr_page ocr_carea ocr_par ocr_line ocrx_word'/>
</head>
<body>
  <div class='ocr_page' id='page_1' title='image "amphitruoetaulul00plauuoft_0105.png"; bbox 0 0 1277 2193; ppageno 0'>
   <div class='ocr_carea' id='block_1_1' title="bbox 337 322 843 369">
    <p class='ocr_par' dir='ltr' id='par_1_1' title="bbox 337 322 843 369">
     <span class='ocr_line' id='line_1_1' title="bbox 337 322 843 369; baseline -0.006 0"><span class='ocrx_word' id='word_1_1' title='bbox 337 334 397 369; x_wconf 88' lang='lat' dir='ltr'>M.</span> <span class='ocrx_word' id='word_1_2' title='bbox 434 322 574 368; x_wconf 80' lang='lat' dir='ltr'>Acci</span> <span class='ocrx_word' id='word_1_3' title='bbox 614 331 843 367; x_wconf 85' lang='lat' dir='ltr'><strong>PLAUTI</strong></span> 
     </span>
    </p>
   </div>
   <div class='ocr_carea' id='block_1_2' title="bbox 246 495 940 545">
    <p class='ocr_par' dir='ltr' id='par_1_2' title="bbox 246 495 940 545">
     <span class='ocr_line' id='line_1_2' title="bbox 246 495 940 545; baseline -0.006 0"><span class='ocrx_word' id='word_1_4' title='bbox 246 495 940 545; x_wconf 89' lang='lat' dir='ltr'><strong>AULULARIA.</strong></span> 
     </span>
    </p>
   </div>
   <div class='ocr_carea' id='block_1_3' title="bbox 475 671 714 678">
    <p class='ocr_par' dir='ltr' id='par_1_3' title="bbox 475 671 714 678">
     <span class='ocr_line' id='line_1_3' title="bbox 475 671 714 678; baseline -0.004 0"><span class='ocrx_word' id='word_1_5' title='bbox 475 671 714 678; x_wconf 72' lang='lat'><strong>————-</strong></span> 
     </span>
    </p>
   </div>
   <div class='ocr_carea' id='block_1_4' title="bbox 407 806 775 956">
    <p class='ocr_par' dir='ltr' id='par_1_4' title="bbox 407 806 775 956">
     <span class='ocr_line' id='line_1_4' title="bbox 452 806 727 840; baseline 0 0"><span class='ocrx_word' id='word_1_6' title='bbox 452 806 727 840; x_wconf 85' lang='lat' dir='ltr'>PROLOGUS.</span> 
     </span>
     <span class='ocr_line' id='line_1_5' title="bbox 407 920 775 956; baseline -0.003 0"><span class='ocrx_word' id='word_1_7' title='bbox 407 920 494 956; x_wconf 72' lang='lat' dir='ltr'>LAR</span> <span class='ocrx_word' id='word_1_8' title='bbox 522 920 775 956; x_wconf 65' lang='lat' dir='ltr'>annmms.</span> 
     </span>
    </p>
   </div>
   <div class='ocr_carea' id='block_1_5' title="bbox 64 1036 1182 2040">
    <p class='ocr_par' dir='ltr' id='par_1_5' title="bbox 65 1036 934 1088">
     <span class='ocr_line' id='line_1_6' title="bbox 65 1036 934 1088; baseline -0.003 -13"><span class='ocrx_word' id='word_1_9' title='bbox 65 1037 129 1076; x_wconf 70' lang='lat' dir='ltr'>Nn</span> <span class='ocrx_word' id='word_1_10' title='bbox 151 1038 235 1088; x_wconf 87' lang='lat' dir='ltr'>quis</span> <span class='ocrx_word' id='word_1_11' title='bbox 253 1038 407 1075; x_wconf 88' lang='lat' dir='ltr'>miretur</span> <span class='ocrx_word' id='word_1_12' title='bbox 428 1038 491 1086; x_wconf 89' lang='lat' dir='ltr'>qui</span> <span class='ocrx_word' id='word_1_13' title='bbox 511 1038 596 1083; x_wconf 83' lang='lat' dir='ltr'>sim,</span> <span class='ocrx_word' id='word_1_14' title='bbox 616 1036 750 1085; x_wconf 80' lang='lat' dir='ltr'>paucis</span> <span class='ocrx_word' id='word_1_15' title='bbox 769 1037 934 1085; x_wconf 79' lang='lat' dir='ltr'>eloquar.</span> 
     </span>
    </p>

    <p class='ocr_par' dir='ltr' id='par_1_6' title="bbox 65 1101 926 1154">
     <span class='ocr_line' id='line_1_7' title="bbox 65 1101 926 1154; baseline -0.006 -13"><span class='ocrx_word' id='word_1_16' title='bbox 65 1104 150 1154; x_wconf 85' lang='lat' dir='ltr'>Ego</span> <span class='ocrx_word' id='word_1_17' title='bbox 170 1104 244 1140; x_wconf 86' lang='lat' dir='ltr'>Lar</span> <span class='ocrx_word' id='word_1_18' title='bbox 264 1116 346 1139; x_wconf 87' lang='lat' dir='ltr'>sum</span> <span class='ocrx_word' id='word_1_19' title='bbox 367 1102 592 1148; x_wconf 76' lang='lat' dir='ltr'>Familiaris‚</span> <span class='ocrx_word' id='word_1_20' title='bbox 615 1114 660 1138; x_wconf 83' lang='lat' dir='ltr'>ex</span> <span class='ocrx_word' id='word_1_21' title='bbox 679 1101 750 1137; x_wconf 80' lang='lat' dir='ltr'>hac</span> <span class='ocrx_word' id='word_1_22' title='bbox 770 1101 926 1147; x_wconf 57' lang='lat' dir='ltr'>familiai,</span> 
     </span>
    </p>

    <p class='ocr_par' dir='ltr' id='par_1_7' title="bbox 64 1165 1049 1215">
     <span class='ocr_line' id='line_1_8' title="bbox 64 1165 1049 1215; baseline -0.005 -10"><span class='ocrx_word' id='word_1_23' title='bbox 64 1168 175 1205; x_wconf 87' lang='lat' dir='ltr'>Unde</span> <span class='ocrx_word' id='word_1_24' title='bbox 195 1169 394 1204; x_wconf 84' lang='lat' dir='ltr'>exeuntem</span> <span class='ocrx_word' id='word_1_25' title='bbox 417 1179 475 1203; x_wconf 86' lang='lat' dir='ltr'>me</span> <span class='ocrx_word' id='word_1_26' title='bbox 496 1167 702 1215; x_wconf 75' lang='lat' dir='ltr'>aspexistis,</span> <span class='ocrx_word' id='word_1_27' title='bbox 762 1166 874 1201; x_wconf 76' lang='lat' dir='ltr'>Hanc</span> <span class='ocrx_word' id='word_1_28' title='bbox 894 1165 1049 1201; x_wconf 89' lang='lat' dir='ltr'>domum</span> 
     </span>
    </p>

    <p class='ocr_par' dir='ltr' id='par_1_8' title="bbox 64 1229 1004 1279">
     <span class='ocr_line' id='line_1_9' title="bbox 64 1229 1004 1279; baseline -0.004 -10"><span class='ocrx_word' id='word_1_29' title='bbox 64 1232 151 1269; x_wconf 82' lang='lat' dir='ltr'>Jam</span> <span class='ocrx_word' id='word_1_30' title='bbox 171 1232 309 1268; x_wconf 83' lang='lat' dir='ltr'>multos</span> <span class='ocrx_word' id='word_1_31' title='bbox 331 1244 448 1268; x_wconf 82' lang='lat' dir='ltr'>annos</span> <span class='ocrx_word' id='word_1_32' title='bbox 468 1238 523 1267; x_wconf 79' lang='lat' dir='ltr'>est</span> <span class='ocrx_word' id='word_1_33' title='bbox 543 1243 630 1267; x_wconf 84' lang='lat' dir='ltr'>cum</span> <span class='ocrx_word' id='word_1_34' title='bbox 649 1230 838 1279; x_wconf 76' lang='lat' dir='ltr'>possideo,</span> <span class='ocrx_word' id='word_1_35' title='bbox 861 1236 897 1266; x_wconf 86' lang='lat' dir='ltr'>et</span> <span class='ocrx_word' id='word_1_36' title='bbox 918 1229 1004 1266; x_wconf 89' lang='lat' dir='ltr'>colo</span> 
     </span>
    </p>

    <p class='ocr_par' dir='ltr' id='par_1_9' title="bbox 64 1293 1161 1346">
     <span class='ocr_line' id='line_1_10' title="bbox 64 1293 1161 1346; baseline -0.005 -12"><span class='ocrx_word' id='word_1_37' title='bbox 64 1297 254 1346; x_wconf 86' lang='lat' dir='ltr'><strong>Patrique,</strong></span> <span class='ocrx_word' id='word_1_38' title='bbox 277 1309 419 1344; x_wconf 87' lang='lat' dir='ltr'>avoque</span> <span class='ocrx_word' id='word_1_39' title='bbox 436 1296 512 1345; x_wconf 77' lang='lat' dir='ltr'>jam</span> <span class='ocrx_word' id='word_1_40' title='bbox 533 1295 655 1344; x_wconf 79' lang='lat' dir='ltr'>hujus,</span> <span class='ocrx_word' id='word_1_41' title='bbox 676 1294 739 1343; x_wconf 89' lang='lat' dir='ltr'>qui</span> <span class='ocrx_word' id='word_1_42' title='bbox 760 1307 863 1330; x_wconf 86' lang='lat' dir='ltr'>nunc</span> <span class='ocrx_word' id='word_1_43' title='bbox 885 1293 947 1330; x_wconf 81' lang='lat' dir='ltr'>hic</span> <span class='ocrx_word' id='word_1_44' title='bbox 967 1293 1090 1330; x_wconf 83' lang='lat' dir='ltr'>habet.</span> <span class='ocrx_word' id='word_1_45' title='bbox 1139 1296 1161 1329; x_wconf 91' lang='lat'>5</span> 
     </span>
    </p>

    <p class='ocr_par' dir='ltr' id='par_1_10' title="bbox 66 1358 972 1409">
     <span class='ocr_line' id='line_1_11' title="bbox 66 1358 972 1409; baseline -0.004 -11"><span class='ocrx_word' id='word_1_46' title='bbox 66 1361 143 1398; x_wconf 85' lang='lat' dir='ltr'>Sed</span> <span class='ocrx_word' id='word_1_47' title='bbox 162 1361 254 1397; x_wconf 86' lang='lat' dir='ltr'>mihi</span> <span class='ocrx_word' id='word_1_48' title='bbox 276 1373 362 1397; x_wconf 86' lang='lat' dir='ltr'>avos</span> <span class='ocrx_word' id='word_1_49' title='bbox 381 1360 491 1409; x_wconf 81' lang='lat' dir='ltr'>hujus</span> <span class='ocrx_word' id='word_1_50' title='bbox 511 1360 713 1395; x_wconf 78' lang='lat' dir='ltr'>obsecrans</span> <span class='ocrx_word' id='word_1_51' title='bbox 735 1358 972 1395; x_wconf 77' lang='lat' dir='ltr'>concredidit</span> 
     </span>
    </p>

    <p class='ocr_par' dir='ltr' id='par_1_11' title="bbox 65 1423 1014 1462">
     <span class='ocr_line' id='line_1_12' title="bbox 65 1423 1014 1462; baseline -0.004 0"><span class='ocrx_word' id='word_1_52' title='bbox 65 1425 306 1462; x_wconf 87' lang='lat' dir='ltr'>Thesaurum</span> <span class='ocrx_word' id='word_1_53' title='bbox 329 1425 408 1461; x_wconf 84' lang='lat' dir='ltr'>auri</span> <span class='ocrx_word' id='word_1_54' title='bbox 429 1425 526 1460; x_wconf 83' lang='lat' dir='ltr'>clam</span> <span class='ocrx_word' id='word_1_55' title='bbox 547 1423 691 1459; x_wconf 86' lang='lat' dir='ltr'>omnis:</span> <span class='ocrx_word' id='word_1_56' title='bbox 724 1423 761 1459; x_wconf 87' lang='lat' dir='ltr'>in</span> <span class='ocrx_word' id='word_1_57' title='bbox 781 1423 907 1459; x_wconf 88' lang='lat' dir='ltr'>medio</span> <span class='ocrx_word' id='word_1_58' title='bbox 927 1423 1014 1459; x_wconf 86' lang='lat' dir='ltr'>foco</span> 
     </span>
    </p>

    <p class='ocr_par' dir='ltr' id='par_1_12' title="bbox 66 1486 956 1535">
     <span class='ocr_line' id='line_1_13' title="bbox 66 1486 956 1535; baseline -0.003 -8"><span class='ocrx_word' id='word_1_59' title='bbox 66 1489 234 1535; x_wconf 88' lang='lat' dir='ltr'>Defodit‚</span> <span class='ocrx_word' id='word_1_60' title='bbox 255 1501 437 1526; x_wconf 85' lang='lat' dir='ltr'>venerans</span> <span class='ocrx_word' id='word_1_61' title='bbox 456 1500 529 1533; x_wconf 86' lang='lat' dir='ltr'>me,</span> <span class='ocrx_word' id='word_1_62' title='bbox 549 1494 590 1523; x_wconf 90' lang='lat' dir='ltr'>ut</span> <span class='ocrx_word' id='word_1_63' title='bbox 610 1487 648 1523; x_wconf 93' lang='lat' dir='ltr'>id</span> <span class='ocrx_word' id='word_1_64' title='bbox 668 1499 853 1524; x_wconf 79' lang='lat' dir='ltr'>servarem</span> <span class='ocrx_word' id='word_1_65' title='bbox 874 1486 956 1524; x_wconf 83' lang='lat' dir='ltr'>sibi.</span> 
     </span>
    </p>

    <p class='ocr_par' dir='ltr' id='par_1_13' title="bbox 66 1550 969 1602">
     <span class='ocr_line' id='line_1_14' title="bbox 66 1550 969 1602; baseline -0.006 -11"><span class='ocrx_word' id='word_1_66' title='bbox 66 1554 105 1591; x_wconf 90' lang='lat' dir='ltr'>Is</span> <span class='ocrx_word' id='word_1_67' title='bbox 125 1553 302 1602; x_wconf 87' lang='lat' dir='ltr'>quoniam</span> <span class='ocrx_word' id='word_1_68' title='bbox 322 1553 492 1598; x_wconf 85' lang='lat' dir='ltr'>moritur,</span> <span class='ocrx_word' id='word_1_69' title='bbox 514 1552 565 1588; x_wconf 89' lang='lat' dir='ltr'>ita</span> <span class='ocrx_word' id='word_1_70' title='bbox 585 1551 693 1588; x_wconf 85' lang='lat' dir='ltr'>avido</span> <span class='ocrx_word' id='word_1_71' title='bbox 713 1550 866 1600; x_wconf 86' lang='lat' dir='ltr'>ingenio</span> <span class='ocrx_word' id='word_1_72' title='bbox 887 1550 969 1597; x_wconf 86' lang='lat' dir='ltr'>fuit,</span> 
     </span>
    </p>

    <p class='ocr_par' dir='ltr' id='par_1_14' title="bbox 66 1614 1182 1666">
     <span class='ocr_line' id='line_1_15' title="bbox 66 1614 1182 1666; baseline -0.005 -12"><span class='ocrx_word' id='word_1_73' title='bbox 66 1617 275 1666; x_wconf 85' lang='lat' dir='ltr'><strong>Nunquam</strong></span> <span class='ocrx_word' id='word_1_74' title='bbox 294 1616 463 1653; x_wconf 89' lang='lat' dir='ltr'>indicare</span> <span class='ocrx_word' id='word_1_75' title='bbox 482 1615 520 1651; x_wconf 93' lang='lat' dir='ltr'>id</span> <span class='ocrx_word' id='word_1_76' title='bbox 539 1615 617 1652; x_wconf 88' lang='lat' dir='ltr'>filio</span> <span class='ocrx_word' id='word_1_77' title='bbox 635 1614 753 1651; x_wconf 88' lang='lat' dir='ltr'>voluit</span> <span class='ocrx_word' id='word_1_78' title='bbox 773 1626 863 1651; x_wconf 88' lang='lat' dir='ltr'>suo:</span> <span class='ocrx_word' id='word_1_79' title='bbox 1142 1622 1182 1654; x_wconf 87' lang='lat'>10</span> 
     </span>
    </p>

    <p class='ocr_par' dir='ltr' id='par_1_15' title="bbox 66 1678 951 1731">
     <span class='ocr_line' id='line_1_16' title="bbox 66 1678 951 1731; baseline -0.006 -12"><span class='ocrx_word' id='word_1_80' title='bbox 66 1681 300 1731; x_wconf 89' lang='lat' dir='ltr'>Inopemque</span> <span class='ocrx_word' id='word_1_81' title='bbox 318 1680 459 1730; x_wconf 86' lang='lat' dir='ltr'>optavit</span> <span class='ocrx_word' id='word_1_82' title='bbox 476 1679 602 1729; x_wconf 84' lang='lat' dir='ltr'>potius</span> <span class='ocrx_word' id='word_1_83' title='bbox 621 1691 707 1716; x_wconf 90' lang='lat' dir='ltr'>eum</span> <span class='ocrx_word' id='word_1_84' title='bbox 726 1678 951 1727; x_wconf 86' lang='lat' dir='ltr'>relinquere,</span> 
     </span>
    </p>

    <p class='ocr_par' dir='ltr' id='par_1_16' title="bbox 65 1742 1000 1797">
     <span class='ocr_line' id='line_1_17' title="bbox 65 1742 1000 1797; baseline -0.004 -14"><span class='ocrx_word' id='word_1_85' title='bbox 65 1746 197 1787; x_wconf 77' lang='lat' dir='ltr'>Quam</span> <span class='ocrx_word' id='word_1_86' title='bbox 216 1758 303 1797; x_wconf 79' lang='lat' dir='ltr'>eum</span> <span class='ocrx_word' id='word_1_87' title='bbox 322 1745 563 1782; x_wconf 81' lang='lat' dir='ltr'>Thesaurum</span> <span class='ocrx_word' id='word_1_88' title='bbox 583 1749 895 1781; x_wconf 83' lang='lat' dir='ltr'>commonstraret</span> <span class='ocrx_word' id='word_1_89' title='bbox 913 1742 1000 1779; x_wconf 88' lang='lat' dir='ltr'>filio.</span> 
     </span>
    </p>

    <p class='ocr_par' dir='ltr' id='par_1_17' title="bbox 68 1808 885 1861">
     <span class='ocr_line' id='line_1_18' title="bbox 68 1808 885 1861; baseline -0.007 -13"><span class='ocrx_word' id='word_1_90' title='bbox 68 1811 165 1861; x_wconf 89' lang='lat' dir='ltr'>Agri</span> <span class='ocrx_word' id='word_1_91' title='bbox 184 1809 336 1858; x_wconf 86' lang='lat' dir='ltr'>reliquit</span> <span class='ocrx_word' id='word_1_92' title='bbox 354 1809 403 1846; x_wconf 88' lang='lat' dir='ltr'>eii</span> <span class='ocrx_word' id='word_1_93' title='bbox 423 1821 499 1845; x_wconf 90' lang='lat' dir='ltr'>non</span> <span class='ocrx_word' id='word_1_94' title='bbox 519 1821 697 1858; x_wconf 84' lang='lat' dir='ltr'>magnum</span> <span class='ocrx_word' id='word_1_95' title='bbox 717 1808 885 1853; x_wconf 86' lang='lat' dir='ltr'>modum,</span> 
     </span>
    </p>

    <p class='ocr_par' dir='ltr' id='par_1_18' title="bbox 66 1871 967 1923">
     <span class='ocr_line' id='line_1_19' title="bbox 66 1871 967 1923; baseline -0.007 -10"><span class='ocrx_word' id='word_1_96' title='bbox 66 1875 160 1915; x_wconf 81' lang='lat' dir='ltr'>Quo</span> <span class='ocrx_word' id='word_1_97' title='bbox 179 1887 267 1912; x_wconf 88' lang='lat' dir='ltr'>cum</span> <span class='ocrx_word' id='word_1_98' title='bbox 285 1874 413 1911; x_wconf 83' lang='lat' dir='ltr'>labore</span> <span class='ocrx_word' id='word_1_99' title='bbox 433 1885 584 1923; x_wconf 86' lang='lat' dir='ltr'>magno,</span> <span class='ocrx_word' id='word_1_100' title='bbox 605 1879 642 1909; x_wconf 88' lang='lat' dir='ltr'>et</span> <span class='ocrx_word' id='word_1_101' title='bbox 660 1872 798 1909; x_wconf 85' lang='lat' dir='ltr'>misere</span> <span class='ocrx_word' id='word_1_102' title='bbox 816 1871 967 1908; x_wconf 87' lang='lat' dir='ltr'>viveret.</span> 
     </span>
    </p>

    <p class='ocr_par' dir='ltr' id='par_1_19' title="bbox 68 1934 1178 2040">
     <span class='ocr_line' id='line_1_20' title="bbox 68 1934 1178 1988; baseline -0.005 -11"><span class='ocrx_word' id='word_1_103' title='bbox 68 1938 142 1978; x_wconf 88' lang='lat' dir='ltr'>Ubi</span> <span class='ocrx_word' id='word_1_104' title='bbox 162 1939 194 1977; x_wconf 88' lang='lat' dir='ltr'>is</span> <span class='ocrx_word' id='word_1_105' title='bbox 212 1938 307 1976; x_wconf 91' lang='lat' dir='ltr'>obiit</span> <span class='ocrx_word' id='word_1_106' title='bbox 325 1945 498 1986; x_wconf 87' lang='lat' dir='ltr'>mortem,</span> <span class='ocrx_word' id='word_1_107' title='bbox 518 1937 582 1988; x_wconf 89' lang='lat' dir='ltr'>qui</span> <span class='ocrx_word' id='word_1_108' title='bbox 602 1937 695 1975; x_wconf 91' lang='lat' dir='ltr'>mihi</span> <span class='ocrx_word' id='word_1_109' title='bbox 715 1936 753 1974; x_wconf 89' lang='lat' dir='ltr'>id</span> <span class='ocrx_word' id='word_1_110' title='bbox 772 1948 904 1975; x_wconf 87' lang='lat' dir='ltr'>aurum</span> <span class='ocrx_word' id='word_1_111' title='bbox 924 1934 1097 1983; x_wconf 84' lang='lat' dir='ltr'>credidit,</span> <span class='ocrx_word' id='word_1_112' title='bbox 1137 1938 1178 1971; x_wconf 85' lang='lat'>15</span> 
     </span>
     <span class='ocr_line' id='line_1_21' title="bbox 225 2004 377 2040; baseline 0 0"><span class='ocrx_word' id='word_1_113' title='bbox 225 2016 246 2040; x_wconf 78' lang='lat' dir='ltr'>P</span> <span class='ocrx_word' id='word_1_114' title='bbox 345 2004 377 2040; x_wconf 69' lang='lat'>‘9</span> 
     </span>
    </p>
   </div>
  </div>
 </body>
</html>
