1277 2193
278 122 547 152 AMPHITRUO.
590 122 670 150 Aer.
694 119 732 148 11.
761 110 861 148 Sem.
883 120 909 147 2.
1139 111 1191 148 59

56 219 121 258 Al.
153 220 250 258 Mihi
268 234 416 270 quoque
439 228 566 258 assunt
585 227 711 267 teste3‚
728 220 792 269 qui
812 219 904 256 illud
921 217 1019 268 quod
1038 230 1109 268 ego

214 286 337 322 dicam
360 286 574 322 assentiant.

55 349 142 386 Am.
178 351 292 394 Qui?
335 353 476 387 testes?
556 350 616 386 Al.
655 350 792 386 Testes.
873 348 960 384 Am.
1000 346 1111 391 Quid

211 415 425 451 testicztlare
439 417 455 450 ?
513 415 575 450 Al.
606 414 723 450 Enim
742 426 814 450 uno
835 418 895 449 sat
914 418 981 458 est,

53 478 133 515 Nec
160 479 263 515 nobis
284 485 470 528 praesente
496 480 635 528 aliquis
662 479 737 515 nisi
761 491 883 514 servos
910 477 1024 514 Sosia
1049 476 1109 526 af-

198 542 298 592 fnit.

52 607 114 643 So.
145 607 289 643 Nescio
310 608 398 656 quid
428 608 525 644 istuc
554 607 696 657 negotii
718 607 854 653 dicam,
876 606 949 643 nisi
970 605 1108 655 quispi-

211 684 268 707 am
291 679 345 708 est
1125 667 1186 699 195

53 735 282 784 Amphitruo
303 736 410 781 alius,
431 736 494 784 qui
516 736 609 772 forte
630 743 667 772 te
687 735 750 771 hic
771 736 925 772 absente
945 742 1071 772 tamen

51 799 178 836 Tuam
199 813 277 836 rem
294 808 412 846 curet,
430 808 542 848 teque
559 801 724 845 absente,
743 799 805 835 hic
822 812 959 835 munus
976 799 1107 849 funga-

208 871 267 900 tur
288 874 404 901 tuum.

51 926 227 975 Namque
248 927 294 963 de
315 927 379 963 illo
399 927 588 963 subditivo
610 927 719 963 Sosia
740 926 876 963 mirum
905 926 1018 963 nimis
1037 933 1103 964 est.

51 991 166 1027 Certe
194 991 241 1027 de
270 991 366 1027 istoc
386 992 667 1040 Amphitruone
692 991 769 1040 jam
791 992 948 1027 alterum
968 991 1106 1028 mirum

208 1062 263 1091 est.
282 1055 413 1104 magis.

51 1118 196 1155 Nescio
230 1119 312 1167 quis
344 1119 595 1169 praestigiator
630 1119 728 1156 hanc
762 1119 960 1156 frustratur
998 1121 1107 1157 muli-

208 1196 320 1219 erem.
1123 1185 1185 1216 200

50 1247 115 1284 Al.
146 1247 217 1284 Per
248 1248 412 1296 supremi
443 1248 543 1297 regis
573 1260 732 1297 regnum
759 1248 858 1297 juro,
880 1256 917 1285 et
946 1256 1105 1286 matrem

209 1312 380 1358 familias,

51 1375 256 1421 Junonem‚
288 1389 399 1424 quam
433 1389 492 1412 me
526 1377 643 1413 vereri
679 1384 716 1413 et
749 1384 916 1414 metuere
950 1385 1007 1414 est
1039 1391 1104 1427 par

210 1452 395 1486 maxume,

52 1503 103 1540 Ut
139 1503 204 1549 mi,
238 1512 342 1540 extra
376 1518 493 1541 unum
531 1512 580 1550 te,
615 1506 782 1542 mortalis
819 1518 930 1542 nemo
968 1519 1105 1556 corpus

211 1580 368 1616 corpore

54 1632 239 1682 Contigit,
261 1645 335 1680 quo
355 1645 414 1669 me
436 1633 664 1682 impudicam
688 1634 837 1671 faceret.
895 1635 981 1672 Am.
1004 1636 1106 1674 Vera

212 1696 341 1732 istliaec
361 1697 483 1733 velim.

53 1761 119 1798 Al.
150 1761 250 1797 Vera
279 1761 378 1806 dieo,
409 1761 474 1798 sed
502 1762 778 1810 nequicquam:
817 1764 996 1811 quoniam
1028 1777 1104 1802 non

211 1825 266 1861 vis
285 1826 450 1862 credere.
1122 1834 1183 1866 205

55 1889 142 1928 Am.
181 1889 319 1927 Mulier
348 1903 400 1935 es,
432 1890 608 1929 audacter
633 1892 747 1942 juras,
804 1892 869 1930 Al.
898 1893 1000 1934 Quae
1028 1906 1105 1931 uon

213 1954 382 2003 deliquit,
403 1954 513 1992 decet
