1277 2193
73 140 126 178 50
361 148 632 177 AMPlss'rRUO.
672 148 754 176 Aer.
778 148 816 177 11.
845 150 947 178 scm.
967 149 994 176 2.

152 245 235 286 Qui
265 259 368 284 nunc
396 248 560 296 primurn
591 254 627 284 te
655 248 849 285 advenisse
870 249 986 295 dicas,
1007 248 1121 286 modo
1141 248 1204 299 qui

310 311 400 348 hinc
420 312 583 348 abieris?

152 375 239 412 Am.
283 376 379 412 Haec
416 376 567 425 quidem
610 376 856 413 deliramenta
895 377 1071 426 loquitur.
1141 378 1202 416 So.

310 440 505 489 Paulisper
526 453 648 487 mane,
712 434 717 440 ’

95 508 135 540 65
154 504 255 541 Dum
279 505 506 541 edormiscat
536 518 652 541 unum
680 518 865 542 sonnium.
922 506 1007 543 Am.
1036 506 1138 546 Quae
1158 520 1206 544 ne

310 570 469 618 vigilans
490 570 662 606 somniat.

153 633 217 670 Al.
249 634 436 682 Equidem
466 641 612 670 ecastor
640 634 768 684 vigilo,
790 641 825 671 ct
852 635 1010 684 vigilans
1040 635 1077 671 id
1106 636 1207 684 quod

313 698 452 735 factum
475 705 530 735 est
551 699 707 734 fabulor.

153 761 255 798 Nam
293 762 435 798 dudum
470 770 554 798 ante
591 763 713 798 lucen]
749 769 785 799 et
822 762 947 799 istunc
980 770 1016 799 et
1048 770 1085 799 te
1118 763 1204 800 vidi.

310 827 394 863 Am.
423 826 516 865 Quo
537 827 574 862 in
594 827 706 862 loco?

153 890 217 927 Al.
249 890 339 935 Hic,
363 891 400 926 in
431 891 585 936 aedibus,
608 891 671 926 ubi
701 897 738 926 tu
770 891 926 927 habitas.
983 891 1067 928 Am.
1098 891 1206 928 Nun-

310 969 421 1004 quam
442 956 583 992 sactum
605 963 670 992 est.
728 956 790 992 So.
822 956 911 992 Non
933 957 1062 992 taces?

152 1019 261 1059 Quid
282 1020 312 1056 si
333 1032 352 1056 e
372 1026 480 1068 portu
502 1020 606 1055 navis
623 1020 697 1055 huc
718 1033 785 1055 nos
806 1020 1026 1056 dormientis
1047 1021 1206 1057 detulit?

95 1086 135 1118 70
154 1084 238 1120 Am.
261 1084 389 1120 Etiam
409 1092 447 1120 tu
465 1096 615 1132 quoque
637 1084 836 1120 assentaris
854 1084 968 1120 huie?
1014 1084 1076 1120 So.
1097 1084 1207 1124 Quid

311 1148 365 1184 vis
386 1147 492 1184 ficri?

154 1212 244 1248 Non
274 1220 313 1248 tu
342 1212 429 1258 sois,
451 1212 613 1248 Bacchm
634 1212 834 1247 bacchanti
864 1212 894 1248 si
916 1212 1006 1248 velis
1037 1212 1206 1249 advorsa-

311 1276 397 1322 rior,

154 1340 213 1376 Ex
234 1340 365 1376 insana
390 1339 615 1376 insaniorem
639 1339 766 1384 facies,
789 1339 896 1376 feriet
916 1340 1073 1388 saepius:

155 1404 198 1441 Si
226 1405 446 1452 obscquare,
477 1403 550 1439 unzi
580 1403 743 1439 resolvas
769 1403 890 1453 plaga.
948 1404 1031 1440 Am.
1063 1405 1116 1441 At
1143 1406 1204 1455 pol

311 1468 400 1516 quin
422 1475 525 1504 certa
544 1480 602 1503 res

156 1532 269 1569 Hanc
298 1539 353 1569 est
381 1532 592 1581 objurgare,
615 1546 697 1580 quse
726 1544 785 1568 ine
805 1531 918 1568 hodie
945 1532 1205 1572 advenientem

312 1597 467 1633 domum

97 1667 138 1698 '75
156 1660 333 1697 Noluerit
353 1661 526 1697 salutare.
578 1661 639 1697 So.
668 1661 837 1697 Irritabis
859 1661 1071 1698 crabrones.
1118 1661 1203 1699 Am.

312 1724 430 1761 Tace.

158 1788 383 1834 Alcumena,
404 1801 521 1824 unum
550 1801 682 1838 rogare
710 1795 747 1825 te
775 1788 870 1824 volo.
927 1788 1003 1829 Al„
1020 1787 1129 1827 Quid
1149 1789 1206 1825 vis

313 1853 472 1901 rogare?
501 1865 601 1901 roga.

159 1915 243 1953 Am.
275 1915 378 1952 Num
407 1916 475 1953 tibi
505 1923 568 1954 aut
596 1917 754 1954 stultitia
782 1917 953 1964 accessit,
975 1923 1038 1955 aut
1056 1924 1207 1967 superat

317 1980 516 2029 superbia?
