1277 2193
73 112 119 148 14
319 122 544 151 PROLOGUS
572 121 614 151 IN
643 122 999 152 AMPHITRUONEM.

146 219 265 260 Quod
284 233 356 271 ego
375 221 457 257 huc·
468 221 634 270 processi
654 221 709 258 sio
728 233 815 258 cum
834 222 958 258 servili
978 221 1145 267 schema,

146 284 322 322 Veterem
354 292 464 334 atque
490 285 680 334 antiquam
704 298 782 322 rem
802 298 934 322 novam
956 286 999 322 ad
1020 298 1085 322 vos
1102 297 1185 334 pro-

302 350 438 386 feram:

146 413 348 462 Propterea
367 420 519 450 ornatus
540 414 576 450 in
596 426 733 450 novum
754 414 888 451 incessi
908 414 1070 450 modum.

68 479 128 510 120
145 477 246 514 Nam
266 490 371 514 meus
389 485 493 527 pater
514 478 613 515 intus
628 491 729 516 nunc
745 486 811 525 est,
829 491 979 525 eccum,
992 478 1183 528 Juppiter:

144 542 190 578 In
210 543 498 591 Amphitruonis
518 543 628 579 vortit
647 555 728 580 sese
748 543 963 593 imaginem,

145 606 363 654 Omnesque
383 619 469 643 eum
489 619 570 643 esse
590 614 744 644 censent.
763 608 872 653 servi,
894 608 957 656 qui
977 608 1126 645 vident:

144 670 203 706 Ita
223 671 453 719 versipellem
473 683 511 707 se
532 671 632 717 facit,
653 672 802 719 quando
820 672 933 709 lubet.

144 733 229 784 Ego
250 734 344 771 servi
365 735 505 783 sumpsi
528 735 644 771 Sosiae
665 735 755 772 mihi
778 736 992 784 imaginem,

67 796 126 826 1²25
144 799 225 838 Qui
246 811 332 834 cum
353 799 630 847 Amphitruone
652 800 742 835 abiit
762 800 849 836 hinc
871 800 907 835 in
928 801 1158 837 exercitum:

144 863 194 900 Ut
212 863 426 911 praeservire
447 864 584 899 amanti
605 876 688 899 meo
708 876 853 912 possem
873 865 990 912 patri:

143 927 271 975 Atque
291 933 331 963 ut
351 939 411 973 ne,
432 927 495 975 qui
515 940 647 973 essem,
669 927 868 964 familiares
887 935 1108 976 quaererent,

142 991 296 1027 Versari
317 991 448 1027 crebro
468 989 530 1027 hie
550 1004 635 1027 cum
656 991 824 1027 viderent
844 1004 902 1028 me
922 992 1034 1028 domi.

143 1053 260 1091 Nunc
292 1068 379 1091 cum
409 1067 490 1091 esse
523 1055 678 1091 credent
706 1067 865 1101 servum,
896 1062 932 1091 et
961 1068 1182 1093 conservum

298 1132 419 1166 suum,

65 1184 126 1216 130
143 1183 257 1220 Haud
286 1183 482 1232 quisquam
511 1190 649 1231 qnaeret
677 1184 740 1232 qui
760 1183 864 1230 siem,
886 1191 948 1220 aut
967 1185 1055 1233 quid
1076 1197 1186 1222 vene·

298 1247 379 1284 rim.

142 1312 253 1349 Pater
272 1324 375 1348 nune
394 1311 494 1348 intus
513 1324 581 1348 suo
602 1312 725 1348 animo
746 1323 884 1348 morem
905 1312 1000 1362 gerit
1016 1325 1025 1349 t

143 1376 268 1413 Cubat
288 1376 515 1425 complexus,
537 1376 643 1425 cujus
664 1376 817 1424 cupiens
836 1388 1008 1413 maxume
1027 1383 1092 1413 est.

141 1440 242 1480 Quae
264 1439 317 1477 illi
338 1440 383 1476 ad
400 1440 588 1490 legionem
608 1440 705 1476 facta
724 1446 820 1486 sunt,
842 1447 1021 1477 memorat
1038 1447 1143 1489 pater

144 1503 256 1540 Meus
275 1504 507 1541 Alcumenae.
563 1504 615 1540 At
635 1504 697 1540 illa
716 1504 819 1540 illurn
840 1511 967 1540 censet
987 1504 1106 1540 virum

66 1572 126 1604 135
145 1568 265 1605 Suum
281 1580 374 1614 esse,
390 1581 471 1617 quae
487 1580 572 1604 oum
592 1568 739 1604 moecho
758 1574 823 1604 est.
878 1567 937 1604 Ibi
957 1580 1058 1605 nunc
1075 1580 1182 1605 meus

298 1640 403 1681 pater

144 1694 343 1742 Memorat,
364 1696 531 1746 legiones
550 1695 712 1732 hostium
732 1702 771 1733 ut
791 1695 992 1745 fugaverit:

142 1759 236 1799 Quo
254 1767 364 1808 pacto
384 1760 431 1796 sit
450 1760 557 1796 donis
576 1760 734 1796 donatus
752 1760 929 1809 plurimis.

143 1823 204 1860 Ea
221 1824 331 1869 dona,
353 1837 434 1872 quae
455 1824 532 1860 illio
550 1823 815 1872 Amphitruoni
835 1831 919 1860 sunt
938 1824 1035 1870 data,

144 1885 401 1925 Abstulimus:
432 1888 539 1924 facile
559 1899 662 1923 meus
680 1894 783 1936 pater
802 1887 900 1936 quod
919 1887 994 1923 volt
1012 1886 1111 1924 facit.

69 1959 130 1993 140
145 1949 263 1991 Nunc
281 1952 391 1990 hodie
411 1952 635 2001 Amphitruo
654 1952 775 1989 veniet
793 1951 866 1989 huo
886 1951 931 1989 ab
949 1951 1129 1997 exercitu,
