1277 2193
88 125 163 165 138
376 134 630 164 AULULARIA.
670 136 751 163 Aer.
780 134 832 163 lv.
856 136 953 164 scm.
974 135 1002 164 6.

557 304 719 339 SCENA
759 305 819 339 VI.

472 426 635 465 Eueno.
675 428 908 465 STRomLUS.

214 554 292 593 Eu.
322 555 441 593 me
463 557 664 593 censebam
684 569 896 593 maxumam
919 557 1037 594 multo
1056 557 1167 594 fidem

162 618 267 657 Esse.
324 620 381 657 Ea
401 621 560 657 sublevit
580 634 621 657 os
640 621 731 657 mihi
752 621 987 670 paenissume.

161 683 215 720 Ni
235 685 466 721 subvenisset
489 697 635 730 corvus,
655 686 850 734 periissem
870 686 993 722 miser.

161 747 289 785 Nimis
320 749 446 785 hercle
478 761 549 799 ego
582 750 687 785 illum
721 763 876 786 corvum
910 750 955 786 ad
987 762 1047 787 me
1075 750 1212 796 veniat,

319 813 443 859 velim,

122 877 143 908 5
160 875 242 915 Qui
264 877 446 913 indicium
468 877 568 923 fecit,
590 884 630 913 ut
650 889 721 926 ego
741 877 793 913 illi
815 878 956 926 aliquid
976 878 1065 914 boni

160 939 308 977 Dicam.
366 941 465 977 Nam
496 941 596 989 quod
625 942 714 988 edit,
744 949 819 978 tam
849 942 966 988 duim,
988 955 1099 991 quam
1132 954 1213 990 per-

317 1003 432 1040 duim.

159 1065 289 1112 Nunc,
311 1067 384 1103 hoo
404 1067 469 1103 ubi
491 1068 718 1114 abstrudam,
741 1068 868 1117 cogito
889 1068 1010 1105 solum
1029 1068 1167 1105 locum.

161 1131 304 1168 Silvani
323 1131 433 1168 lucus
453 1139 556 1168 extra
576 1145 724 1168 murum
744 1141 800 1169 est
821 1133 937 1179 avius,

160 1195 304 1231 Crebro
325 1196 457 1231 salicto
477 1196 661 1244 oppletus,
683 1196 735 1232 ibi
755 1209 898 1232 sumam
919 1197 1058 1233 locum.

102 1257 141 1288 10
161 1258 317 1294 Certum
337 1265 405 1303 est,
427 1259 580 1294 Silvano
599 1259 723 1306 potius
744 1259 908 1304 credam,
929 1271 1041 1306 quam
1062 1258 1182 1295 Fidei.

159 1322 218 1358 St.
257 1321 387 1370 Euge!
427 1323 543 1371 euge!
583 1322 635 1358 dii
672 1334 732 1358 me
769 1322 910 1358 salvom
950 1329 987 1358 et
1023 1329 1210 1358 servatum

315 1385 455 1422 volunt.

161 1449 247 1486 Jam
276 1462 347 1499 ego
378 1450 467 1486 illue
496 1462 737 1499 praecurram,
759 1456 868 1497 atque
898 1449 1117 1486 inscendam
1147 1450 1210 1487 ali-

317 1526 427 1561 quam
448 1514 486 1549 in
508 1514 700 1550 arborem:
1050 1505 1052 1507 ¹
1205 1517 1207 1519 ’

161 1577 329 1625 Indeque
348 1578 567 1623 observabo,
589 1590 719 1614 aurum
739 1577 802 1613 ubi
824 1577 1014 1614 abstrudat
1033 1590 1157 1615 senex.

160 1642 392 1689 Quanquam
413 1641 475 1677 hio
496 1653 646 1678 manere
666 1642 777 1677 herus
796 1653 855 1677 me
875 1654 957 1678 sese
973 1642 1145 1690 jusserat,

105 1713 145 1744 15
163 1705 320 1742 Certum
334 1712 403 1752 est,
419 1705 554 1742 malam
571 1717 649 1742 rem
668 1706 792 1755 potius
807 1717 970 1754 quaerarn
986 1718 1072 1742 cum
1087 1706 1204 1743 lucro.
