1277 2193
254 133 507 163 AULULARIA.
548 134 627 161 Αετ.
650 132 702 160 1v.
735 132 834 160 scm.
856 131 900 160 10.
1108 121 1182 159 147

54 233 133 272 Eu.
162 232 240 271 Hei
267 233 381 270 mihi!
416 232 517 281 quod
547 231 694 269 facinus
721 243 767 268 ex
794 237 831 268 te
859 241 931 280 ego
960 227 1101 266 audio?

210 298 287 347 Ly.
317 298 395 335 Cur
416 296 561 346 ejulas'?

51 362 182 403 Quem
217 374 289 412 ego
327 374 433 398 avom
471 361 544 398 feci
576 360 654 410 jam
687 366 728 397 ut
760 371 861 397 esses
892 358 979 396 filiae
1011 369 1105 407 nup-

210 427 293 463 tiis:

52 491 154 529 Nam
175 498 239 528 tua
257 498 370 541 gnata
388 490 545 539 peperit,
567 490 728 526 decumo
756 500 885 526 mense
903 494 1008 538 post:
1037 499 1105 524 nu-

208 567 353 592 merum
374 567 488 603 cape:

53 619 111 656 ΕΞ),
131 632 170 656 re
191 619 387 668 repudium
408 618 550 655 remisit
571 617 777 655 avunculus
797 617 912 653 causa
931 616 1028 653 mea.

52 683 71 720 I
91 684 201 730 intro,
224 684 390 732 exquire,
413 683 510 719 sitne
539 683 602 728 ita,
624 689 664 719 ut
692 694 763 731 ego
790 681 967 730 praedico.
1022 679 1102 717 Eu.

208 748 309 784 Perii
329 748 488 796 oppido!
1120 749 1162 781 70

52 811 111 849 Ita
130 812 222 848 mihi
244 812 288 848 ad
310 812 449 848 malum
478 811 585 847 malae
614 823 674 847 res
695 810 866 859 plurimae
887 821 927 846 se
947 808 1106 859 aggluti-

207 883 309 913 nant.

51 939 121 977 Ibo
153 940 265 987 intro,
296 947 338 977 ut
368 939 459 988 quid
492 939 604 989 hujus
636 939 713 976 veri
746 939 808 985 sit,
838 938 968 976 sciam.
1025 938 1102 987 Ly.

209 1004 232 1040 J
237 1016 295 1040 am
314 1011 350 1040 te
370 1015 514 1052 sequor.

53 1065 150 1105 Haeo
177 1067 452 1117 propemodum
481 1067 558 1116 jam
585 1078 668 1103 esse
697 1066 736 1102 in
764 1066 859 1102 vado
887 1065 1018 1102 salutis
1045 1077 1104 1102 res

211 1131 368 1167 videtur.

53 1194 172 1232 Nunc,
200 1207 345 1231 servom
375 1207 455 1231 esse
486 1194 548 1231 ubi
577 1194 701 1230 dicam
732 1206 857 1230 meum
882 1193 1103 1240 Strobilum,

209 1271 284 1295 non
306 1258 462 1307 reperio.

52 1321 140 1359 Nisi
159 1322 272 1359 etiam
293 1322 355 1358 hio
384 1322 556 1371 opperiar
584 1329 709 1358 tamen
735 1321 946 1371 paulisper;
975 1328 1106 1370 postea

210 1386 308 1422 intro
1121 1394 1161 1426 75

56 1448 173 1486 Hune
193 1450 408 1497 subsequar.
466 1449 583 1486 Nunc
599 1450 747 1486 interim
764 1449 936 1498 spacium
955 1448 990 1486 ei
1006 1449 1104 1486 dabo

210 1513 429 1561 exquirendi
596 1503 600 1509 ⁵

55 1576 186 1614 Meum
215 1576 355 1612 sactum
383 1589 428 1613 ex
455 1584 577 1626 gnatae
605 1578 810 1626 pedisequa
838 1577 986 1615 nutrice
1015 1589 1100 1615 anu.

211 1640 268 1677 Ea
287 1653 365 1677 rem
385 1641 498 1677 novit.
