1277 2193
53 86 125 126 110
340 101 602 130 Αυιυωηιᾼ.
643 102 724 129 Aer.
747 101 786 129 11.
813 102 914 130 Sem.
935 103 963 130 2.

128 195 200 234 Ubi
214 210 311 235 onus
326 211 511 247 nequeam
528 199 622 235 ferre
636 199 787 248 pariter,
801 200 947 249 jaceam
964 212 1035 251 ego
1052 202 1178 239 asinus

284 262 322 298 in
341 263 441 299 luto:

125 324 189 362 Tu
218 338 279 362 me
307 327 375 363 bos
405 327 524 376 magis
553 328 652 364 haud
684 328 876 377 respiciam,
907 335 1044 378 gnatus
1072 331 1178 378 quasi

281 403 472 439 nunquam
495 391 599 428 siem.

65 455 106 487 55
125 452 175 490 Et
195 460 231 490 te
251 461 333 491 utar
354 455 555 503 iniquiore,
577 463 613 491 et
633 468 738 492 meus
758 469 817 493 me
838 457 930 493 ordo
952 457 1116 495 irrideat.

124 517 317 555 Neutrubi
338 519 495 556 habeam
516 521 648 556 stabile
669 521 870 567 stabulum,
892 521 922 557 si
943 521 1032 570 quid
1060 522 1179 559 divor-

280 583 322 619 tii
345 583 432 621 fuat.

123 645 235 683 Asini
264 660 324 684 me
352 648 587 685 mordicibus
621 649 809 695 scindant,
841 650 954 687 boves
982 650 1176 687 incursent

279 712 468 749 cornibus.

122 774 211 812 Hoc
248 788 426 824 magnum
463 784 518 813 est
551 777 775 825 perieulum,
812 791 871 814 me
906 779 951 814 ab
986 778 1098 814 asinis
1131 779 1176 815 ad

280 840 392 876 boves
421 841 698 877 transcendere.

121 901 196 939 M'e.
224 902 355 942 Quam
390 904 435 940 ad
463 905 601 953 probos
629 905 908 954 propinquitate
935 906 1105 954 proxime
1138 914 1175 943 te

280 968 505 1016 adjunxeris,

64 1036 104 1068 60
122 1028 222 1066 Tam
255 1038 450 1080 optumum
480 1039 545 1068 est.
603 1032 666 1068 Tu
697 1033 955 1070 conditionem
984 1034 1082 1070 hanc
1118 1047 1176 1071 ac-

279 1095 384 1144 cipe:
416 1096 586 1133 ausculta
608 1097 713 1142 mihi,

121 1157 250 1206 Atque
283 1151 365 1195 eam
399 1159 592 1208 desponde
626 1161 730 1197 milii.
789 1161 866 1198 Eu.
905 1161 958 1198 At
987 1162 1080 1198 nihil
1119 1169 1175 1199 est

279 1221 378 1258 dotis
398 1222 495 1270 quod
519 1223 615 1259 dem.
672 1224 746 1260 Me.
777 1223 839 1260 Ne
859 1225 963 1261 duas.

120 1284 338 1322 Dummodo
357 1292 501 1322 morata
520 1293 622 1322 recte
643 1287 778 1332 veniat,
800 1287 926 1324 dotata
944 1295 999 1324 est
1018 1288 1118 1325 satis.

121 1348 200 1387 Eu.
230 1349 288 1386 Eo
308 1349 407 1396 dico,
428 1362 476 1386 ne
495 1363 554 1386 me
574 1351 769 1387 thesauros
790 1352 971 1399 reperisse
992 1365 1161 1390 censeas.

120 1412 195 1451 Me.
234 1412 351 1460 Novi,
388 1426 436 1450 ne
474 1414 621 1451 doceas.
680 1415 893 1464 Desponde.
951 1416 1028 1453 Ea.
1073 1417 1170 1454 Fiat,

278 1478 367 1523 Sed,
395 1490 464 1526 pro
493 1477 686 1527 Juppiter!

63 1544 104 1576 65
121 1540 211 1578 Non
247 1553 319 1591 ego
356 1541 535 1590 disperii?
590 1543 664 1579 Me.
701 1543 808 1583 Quid
846 1544 913 1580 tibi
952 1546 1033 1581 est?
1088 1544 1167 1581 Eu.

276 1605 386 1645 Quid
406 1607 552 1655 crepuit
572 1607 677 1655 quasi
699 1608 835 1644 ferrum
858 1609 994 1645 modo?

121 1668 196 1707 Me.
226 1668 305 1706 Hie
337 1670 431 1718 apud
454 1683 513 1707 me
533 1671 681 1707 hortum
712 1672 914 1708 confodere
930 1672 1035 1721 jussi.
1091 1673 1167 1710 Sed

277 1734 343 1770 ubi
364 1734 425 1770 hic
445 1741 501 1771 est
520 1735 658 1771 homo?

121 1794 243 1843 Abiit,
262 1807 385 1844 neque
405 1809 465 1834 me
485 1798 683 1835 certiorem
705 1798 815 1835 fecit:
846 1798 986 1836 fastidit
1004 1800 1089 1837 mei.

120 1858 227 1902 Quia
244 1860 345 1897 videt
363 1873 423 1898 me
451 1874 557 1898 suam
579 1862 783 1899 amicitiam
802 1863 908 1909 velle,
930 1875 1032 1901 more
1051 1864 1168 1902 horni-

276 1936 367 1963 num
388 1924 487 1962 facit.
