1277 2193
248 124 502 152 AULULARL—x.
544 125 622 151 Αςτ.
646 123 697 151 Ν.
727 123 824 151 Sem.
848 123 892 150 10.
1096 112 1170 151 143

44 222 119 272 Ly.
141 222 278 259 Fateor
293 223 523 272 peccavisse,
537 229 574 259 et
589 234 649 259 me
664 222 812 271 culpam
829 220 1092 258 commeritum

200 287 290 323 scio.

43 350 88 386 Id
118 351 211 387 adeo
240 358 275 387 te
304 358 450 387 oratum
484 351 655 396 advenio,
683 357 723 387 ut
752 350 877 387 animo
905 360 1012 397 aequo
1039 348 1093 398 ig-

202 428 337 451 noscas
366 416 467 451 mihi.

39 479 123 516 Eu.
154 479 234 516 Cur
256 480 292 515 id
322 493 433 516 ausus
463 480 600 525 facere,
621 486 662 516 ut
690 479 726 515 id
756 478 853 528 quod
883 489 959 514 non
986 482 1093 512 tuum

157 581 168 594 υ
201 551 298 580 esset
318 545 517 593 tangeres?
1112 536 1151 568 10

46 609 121 657 Ly.
150 607 258 647 Quid
280 608 332 644 vis
361 608 467 644 fieri?
498 608 637 644 factum
666 614 723 644 est
751 607 853 643 illud.
910 607 1012 644 Fieri
1040 607 1096 644 in-

203 672 342 708 fectum
363 685 438 708 non
458 679 593 720 potest.

45 736 149 773 Deos
178 737 291 773 credo
312 736 495 772 voluisse:
526 749 612 772 nam
640 736 679 772 ni
700 735 848 782 vellent,
870 748 947 772 non
975 735 1093 782 fieret,

203 801 295 836 scio.

45 863 123 900 Eu.
155 864 208 900 At
233 876 303 913 ego
336 864 427 901 deos
456 864 570 900 credo
591 863 764 909 voluisse,
785 870 826 900 ut
854 863 953 913 apud
971 870 1008 901 te
1035 875 1097 901 me

204 930 241 966 in
262 943 376 966 nervo
397 930 556 966 enicem.

47 993 122 1043 Ly.
153 992 214 1030 Ne
235 995 331 1030 istuc
351 994 458 1030 dixis.
516 993 593 1029 Eu.
624 993 730 1032 Quid
760 993 828 1029 tibi
857 1005 948 1043 ergo
974 1005 1097 1030 meam

204 1070 263 1094 me
284 1058 400 1093 invito
420 1057 536 1093 tactio
557 1058 638 1093 est?

48 1122 124 1170 Ly.
161 1121 269 1161 Quia
305 1121 382 1157 vini
420 1121 511 1157 vitio
551 1128 661 1169 atque
699 1120 834 1157 amoris
872 1120 956 1158 feci.
1016 1120 1095 1159 Eu.

204 1185 332 1222 Homo
362 1185 636 1231 audacissume,
880 1202 886 1206 ·
1115 1179 1155 1211 15

48 1250 147 1287 Cum
169 1250 314 1286 istacin’
337 1257 374 1286 te
393 1250 565 1286 oratione
586 1249 661 1285 huc
683 1248 727 1285 ad
747 1261 807 1285 me
828 1248 930 1286 adire
950 1261 1096 1296 ausum,

204 1314 427 1363 impudens?

49 1377 148 1414 Nam
169 1378 199 1413 si
220 1378 316 1414 istuc
332 1378 393 1426 jus
413 1384 480 1422 est,
503 1384 543 1413 ut
562 1383 601 1413 tu
624 1376 721 1413 istuc
741 1389 921 1414 excusare
938 1376 1096 1425 possies,

51 1441 156 1478 Luce
176 1441 278 1477 claro
298 1441 525 1490 deripiamus
546 1453 677 1477 aurum
698 1441 877 1477 matronis
895 1440 1040 1488 palam3

50 1505 141 1541 Post
161 1504 211 1549 id,
232 1504 263 1540 si
281 1505 454 1553 prehensi
475 1517 617 1550 sumus,
639 1516 874 1549 excusemus,
895 1503 1021 1540 ebrios

51 1568 134 1605 Nos
160 1568 293 1605 fecisse
315 1569 450 1604 amoris
478 1568 603 1604 causa.
659 1567 786 1603 Nimis
805 1567 877 1604 vile
896 1568 942 1604 'st
968 1567 1098 1605 vinum

210 1640 319 1681 atque
341 1645 455 1678 amor,
1113 1638 1155 1670 20

53 1697 95 1735 Si
111 1696 215 1734 ebrio
236 1703 344 1745 atque
365 1696 502 1733 amanti
518 1696 670 1745 impune
689 1696 824 1742 facere,
841 1695 942 1745 quod
956 1695 1097 1744 lubeat,

209 1760 309 1797 licet.
847 1750 851 1753 ¹

55 1826 131 1876 Ly.
159 1825 267 1865 Quin
287 1825 356 1861 tibi
375 1824 474 1861 ultro
493 1824 743 1874 supplicatum
762 1823 873 1863 venio
899 1823 949 1863 ob
976 1821 1097 1863 stulti-

210 1889 299 1926 tiam
318 1901 452 1927 meam.
