1277 2193
63 84 138 124 126
349 93 601 124 AULULARIA.
643 96 723 124 Αοτ.
746 95 801 125 m.
831 95 928 125 scm.
950 96 976 125 5,

136 191 247 232 Quid
277 204 371 242 opus
401 201 456 230 est
476 194 624 231 verbis?
654 195 753 233 facta
781 203 835 233 est
868 208 996 246 pugna
1023 196 1061 234 in
1090 194 1191 246 gallo

295 258 519 306 gallinaceO.

138 321 215 357 Sed
248 320 482 371 Megadorus
520 336 625 360 meus
664 324 784 360 affinis
820 336 954 361 eccum
994 324 1137 362 incedit
1170 337 1191 362 a

294 385 387 423 foro.

79 450 119 481 15
137 448 223 486 Jam
255 449 356 486 hunc
386 463 462 488 non
492 452 610 488 ausim
639 453 842 501 praeterire,
864 451 955 502 quin
986 453 1189 490 consistam

295 521 332 551 et
352 515 557 565 colloquar.

548 715 674 750 SCEN
678 717 710 751 A
735 715 779 751 V.

424 837 692 877 MEGADORUS.
732 839 896 878 Eueno.

187 964 260 1004 Me.
291 964 477 1004 NARRAVI
501 969 632 1005 amicis
652 969 779 1005 multis
800 970 1000 1006 consilium
1021 981 1146 1007 meum

134 1029 194 1068 De
215 1032 434 1068 conditione
455 1033 537 1069 hac.
594 1032 793 1069 Euclionis
813 1034 925 1070 filiam

135 1094 330 1132 Laudant:
361 1097 548 1144 sapienter
570 1097 710 1133 factum
731 1105 767 1134 et.
788 1098 947 1134 consilio
969 1098 1078 1135 bono.

134 1159 248 1206 Nam,
271 1173 355 1197 meo
376 1161 528 1208 quidem
550 1161 687 1207 animo,
711 1162 741 1198 si
763 1162 863 1198 idem
885 1162 1025 1199 faciant
1044 1161 1174 1209 ceteri,

94 1221 115 1252 5
134 1223 402 1272 Opulentiores
422 1225 686 1273 pauperiorum
710 1226 804 1261 filias

133 1285 183 1324 Ut
206 1287 392 1323 indotatas
412 1288 552 1323 ducant
574 1300 706 1324 uxores
727 1289 902 1324 domurn:

133 1351 184 1388 Et
203 1352 322 1388 multo
341 1352 404 1388 fiat
425 1352 556 1388 civitas
577 1353 816 1398 concordior,

133 1414 183 1452 Et
204 1415 345 1452 invidia
365 1428 433 1452 nos
454 1416 597 1452 minore
618 1424 779 1461 utamur,
801 1430 910 1464 quam
932 1418 1093 1455 utimur:

133 1479 184 1516 Et
220 1480 292 1516 illae
330 1480 465 1516 malam
507 1493 586 1516 rem
628 1487 809 1526 metuant,
849 1494 959 1529 quam
996 1489 1181 1529 metuunt,

290 1544 432 1593 magis:

75 1613 114 1645 10
133 1607 183 1645 Et
202 1620 271 1644 nos
292 1608 436 1644 minore
457 1615 605 1657 sumptu
628 1608 756 1654 simus,
778 1621 887 1657 quani
909 1622 1048 1646 sumus.

131 1670 177 1709 In
197 1684 409 1708 maxumam
430 1672 521 1708 illuc
540 1673 668 1720 populi
688 1680 831 1721 partem
853 1680 907 1709 est
928 1682 1134 1722 optumum.

131 1736 177 1773 In
195 1736 394 1784 pauciores
415 1736 542 1772 avidos
564 1737 757 1773 altercatio
777 1743 854 1773 est:

130 1799 309 1839 Quorum
330 1800 465 1836 animis
486 1800 614 1846 avidis,
638 1807 748 1849 atque
768 1800 1056 1848 insatietatibus,

131 1862 269 1913 Neque
299 1863 372 1909 lex,
405 1876 528 1913 neque
559 1871 659 1903 tutor
697 1877 832 1914 capere
867 1872 925 1904 est
960 1866 1023 1915 qui
1059 1867 1178 1917 possit

287 1927 450 1966 modum.
