1277 2193
264 132 532 163 AMPHITRUO.
573 134 654 162 Αετ.
677 133 732 162 111.
763 134 863 162 Sem.
884 134 911 160 ε.
1137 123 1190 160 63

55 231 156 272 Quae
184 244 308 280 neque
336 239 424 269 sunt
452 232 564 279 facta,
585 245 709 282 neque
728 244 799 283 ego
820 232 858 268 in
879 244 939 269 me
961 231 1107 277 admisi,

213 298 357 347 arguit:

55 361 184 410 Atque
204 362 240 398 id
260 375 320 399 me
340 375 478 411 susque
498 362 620 410 deque
639 362 850 398 habituram
871 368 988 411 putat.
1125 366 1147 396 5

54 425 145 462 Non
166 426 298 475 edepol
320 426 478 463 faciam:
508 439 631 475 neque
652 439 711 463 me
729 426 916 475 perpetiar
936 426 1064 475 probri

54 489 167 526 Falso
188 491 463 527 insimulatam:
494 491 586 539 quin
606 503 677 540 ego
697 491 802 527 illum
824 498 886 527 aut
906 491 1089 536 deseram,

54 554 134 590 Aut
154 555 360 592 satisfaciat
381 555 474 592 mihi
496 556 572 601 ille,
596 562 706 603 atque
727 555 871 604 adjuret
891 555 1058 603 insuper,

53 617 167 655 Nolle
188 632 270 656 esse
290 620 403 666 dicta,
425 633 506 667 quae
529 620 566 655 in
587 632 647 656 me
669 619 856 655 insontem
875 619 1043 668 protulit.

52 682 116 719 Ju.
156 683 396 720 Faciundum
425 691 480 721 est
513 684 606 720 mihi
636 683 740 729 illud,
771 683 851 720 fieri
880 683 981 731 quod
1010 683 1107 720 illaec

209 748 386 796 postulat,
1126 749 1166 780 10

54 812 95 847 Si
117 824 176 849 me
196 812 299 848 illam
320 819 506 849 amantem
528 812 573 848 ad
593 824 675 848 sese
695 812 866 848 studeam
885 811 1078 860 recipere:

51 875 220 915 Quando
250 889 320 927 ego
349 877 450 926 quod
480 877 565 923 feci,
596 877 737 913 factum
768 876 805 912 id
834 876 1106 925 Amphitruoni

209 942 344 987 obfuit,

52 1005 180 1053 Atque
201 1006 262 1041 ille
283 1006 425 1041 dudum
446 1018 552 1042 meus
574 1017 676 1042 amor
696 1005 893 1054 negotium

53 1068 199 1105 Insonti
219 1069 408 1106 exhibuit:
439 1082 542 1105 nunc
563 1077 686 1105 autem
708 1069 848 1105 insonti
869 1069 962 1105 mihi

52 1133 159 1169 Illius
180 1133 235 1170 ira
254 1133 293 1169 in
313 1133 410 1169 hanc
430 1140 467 1169 et
486 1133 688 1169 maledicta
707 1139 893 1180 expetent.
1125 1131 1164 1163 15

52 1198 117 1234 Al.
148 1197 209 1243 Et,
231 1209 378 1243 eccum,
400 1197 522 1242 video,
544 1196 608 1245 qui
627 1209 687 1233 me
706 1196 882 1233 miseram
904 1197 1027 1246 arguit

54 1262 195 1310 Stupri,
216 1261 425 1298 dedecoris.
480 1261 544 1297 Ju.
574 1260 635 1297 Te
655 1261 751 1306 volo,
773 1273 879 1306 uxor,
901 1261 1079 1310 colloqui.

52 1326 144 1366 Quo
164 1333 200 1363 te
222 1326 387 1362 avortisti
400 1326 414 1362 ’ἶ
469 1325 534 1361 ΑΖ.
564 1324 623 1361 Ita
643 1325 837 1374 ingenium
857 1337 984 1362 meum
1004 1333 1082 1362 est:

54 1391 236 1426 Inimicos
255 1402 400 1438 semper
420 1402 485 1425 osa
505 1401 587 1425 sum
607 1389 806 1425 obtuerier.

53 1455 117 1491 ch.
157 1454 255 1502 Heja
288 1461 412 1490 autem
446 1453 642 1489 inimicos!
712 1452 777 1489 Al.
818 1453 885 1490 Sic
918 1460 986 1500 est,
1017 1466 1105 1491 vera

210 1518 396 1566 praedico:
1121 1520 1162 1552 20

55 1582 141 1619 Nisi
162 1582 274 1618 etiam
295 1582 367 1617 hoc
388 1582 480 1617 falso
501 1581 577 1617 dici
598 1580 880 1617 insimulaturus
900 1594 950 1618 es.

53 1647 118 1683 Jn.
148 1646 275 1683 Nimis
297 1646 508 1682 verecunda
527 1658 576 1682 es.
633 1645 697 1682 Al.
728 1645 850 1681 Potin'
873 1658 913 1682 es
933 1653 974 1682 ut
995 1646 1104 1683 absti-

211 1722 301 1746 neas
321 1711 498 1746 manum?

56 1775 157 1812 Nam
177 1782 281 1811 certo
301 1775 331 1811 si
352 1775 401 1810 sis
421 1787 546 1819 sanuS‚
568 1780 631 1810 aut
650 1774 771 1822 sapias
792 1774 893 1820 satis,

55 1839 185 1879 Quam
205 1846 245 1875 tu
266 1838 495 1887 impudicam
515 1850 596 1874 esse
618 1838 797 1890 arbitrare
817 1845 853 1874 et
871 1839 1069 1887 praediceS‚

58 1903 156 1940 Cum
176 1904 221 1939 ea
241 1910 280 1939 tu
300 1914 513 1939 sermonem
531 1914 604 1938 nec
619 1902 721 1951 joco,
742 1914 814 1938 nec
833 1903 931 1939 serio
1121 1909 1163 1941 25

57 1966 150 2004 Tibi
171 1968 322 2013 habeas,
342 1966 415 2004 nisi
435 1966 485 2003 sis
505 1966 653 2003 stultior
673 1966 916 2004 stultissumo.
