1277 2193
71 112 162 156 '130
378 125 630 153 AULULARIA.
671 126 750 153 ACT.
773 125 828 153 111.
857 126 955 153 scm.
976 126 1003 153 6.

165 223 264 261 Cum
284 224 386 261 senis
405 225 591 270 manibus,
613 237 751 274 genere
770 225 1042 273 Geryonaceo:

162 288 276 328 Quos
295 289 326 325 si
347 289 474 338 Argus
495 297 628 333 servet,
650 289 712 336 qui
733 289 889 325 oculeus
910 296 1009 325 totus
1030 289 1112 335 fuit,

104 359 146 391 20
163 352 293 392 Quem
314 353 503 401 quondam
524 353 609 389 Ioni
630 353 732 389 Juno
752 353 947 389 custodem
970 352 1127 399 addidit,

163 416 202 453 Is
222 430 413 465 nunquam
435 424 567 453 servet.
624 417 811 454 Praeterea
831 417 1042 462 tibicinam,

162 480 264 520 Quae
284 481 376 517 mibi
398 481 624 518 interbibere
644 482 736 527 sola,
758 481 788 517 si
808 481 895 517 vino
916 487 1047 527 scatet,

164 545 470 582 Corinthiensem
493 546 632 582 fontem
654 546 828 582 Pirenen]
848 552 981 594 potest.

163 608 267 646 Tum
288 610 487 646 obsonium
509 610 654 646 autem!
712 610 785 647 M'e.
817 610 885 646 Pol
908 610 963 646 vel
992 609 1132 659 legioni
1161 615 1217 646 sat

320 681 386 710 est.

104 742 145 774 25
164 738 288 776 Etiam
311 751 450 788 agnum
471 738 566 775 misi.
625 738 702 775 Ειι.
732 739 825 778 Quo
855 739 1007 787 quidem
1030 750 1139 788 agno,
1161 743 1218 774 sat

321 803 414 849 scio,

163 865 290 917 Magis
310 867 499 903 curiosam
518 879 704 914 nusquam
724 879 805 903 esse
825 866 941 902 ullam
961 866 1136 902 belluam.

163 931 238 969 Me.
268 931 368 968 Volo
388 943 459 980 ego
479 943 524 968 ex
543 937 580 967 te
600 931 698 967 scire
713 925 782 978 'qui
803 931 849 966 sit
871 943 990 979 agnus
1010 930 1127 966 curio.

163 995 243 1033 Eu.
272 995 355 1035 Qui
388 1008 473 1032 ossa
510 1002 620 1044 atque
655 995 763 1044 pellis
799 1001 900 1031 totus
938 1002 1005 1041 est,
1039 994 1091 1031 ita
1127 1006 1218 1031 cura

323 1066 457 1096 macet.

163 1124 273 1164 Quin
294 1132 379 1161 exta
398 1124 585 1172 inspicere
606 1123 644 1160 in
666 1123 754 1159 Sole
775 1123 886 1159 etiam
908 1123 992 1159 vivo
1011 1122 1113 1169 licet,

106 1188 146 1219 30
165 1188 224 1225 Ita
243 1189 273 1225 is
294 1189 457 1237 pellucet
478 1188 584 1235 quasi
604 1188 748 1223 laterna
767 1187 924 1223 Punica.

164 1252 239 1289 Me.
270 1251 508 1288 Caedundum
538 1251 641 1286 illum
672 1263 742 1299 ego
771 1250 947 1286 conduxi.
1004 1249 1082 1286 Eu.
1113 1249 1217 1286 Tum

321 1322 362 1351 tu
383 1315 481 1351 idem
503 1322 696 1362 optumum
718 1320 774 1350 est

166 1380 291 1417 Loces
311 1379 543 1416 efferendum
561 1392 567 1414 ι
597 1391 683 1413 nam
701 1378 791 1426 jam,
813 1378 939 1423 credo,
962 1385 1130 1414 mortuus
1149 1385 1215 1416 est.

166 1445 240 1482 Me.
271 1444 406 1481 Potare
426 1456 497 1492 ego
518 1443 641 1487 hodie,
663 1442 814 1487 Euclio,
835 1449 959 1478 tecum
981 1443 1076 1478 volo.

168 1509 246 1546 Eu.
286 1508 376 1544 Non
410 1514 536 1556 potem
569 1520 639 1555 ego
673 1507 824 1554 quidem
859 1506 995 1543 hercle.
1053 1507 1127 1543 Me.
1165 1507 1218 1544 At

326 1585 397 1621 ego
412 1572 559 1620 jussero

110 1639 151 1670 35
170 1637 316 1673 Cadum
338 1648 456 1672 unum
476 1635 551 1671 viui
572 1635 706 1671 veteris
727 1648 746 1671 a
767 1647 825 1670 me
846 1635 1022 1671 afferrier.

170 1700 249 1737 Eu.
288 1700 392 1736 Nolo
426 1699 570 1735 hercle:
612 1712 698 1734 nam
735 1699 827 1734 mihi
858 1699 987 1735 bibere
1024 1696 1219 1735 decretum

326 1771 381 1800 est
411 1776 554 1811 aquam.

169 1827 244 1867 Me.
282 1827 367 1876 Ego
400 1833 437 1863 te
467 1826 577 1863 hodie
606 1827 758 1863 reddam
788 1826 993 1873 madidum,
1023 1826 1087 1864 sed
1116 1825 1216 1873 vino,

324 1891 458 1940 probe,v
