1277 2193
76 86 150 127 108
365 95 625 125 AULULAmA.
668 95 748 123 Aer.
771 95 810 124 11.
839 96 940 124 Sem.
960 96 987 123 ρ.

92 193 310 232 25Me0um
341 195 444 232 adire
475 195 521 231 ad
549 194 789 243 pactionem:
823 206 952 231 verum
987 193 1205 231 intervisam

308 259 472 295 domum.

149 322 226 360 Me.
254 323 348 362 Quo
369 323 474 360 abis?
530 323 608 360 Eu.
639 322 724 359 Jam
754 323 800 359 ad
827 329 865 359 te
884 328 1072 359 revortar:
1101 334 1206 359 nam-

308 400 380 436 que
400 394 456 424 est
475 387 575 435 quod
595 387 712 424 visam
731 388 896 423 domum.

149 451 224 489 Me.
255 451 382 488 Credo
401 451 547 500 edepol,
568 451 634 487 ubi
654 452 886 488 mentionem
906 462 977 500 ego
1003 450 1130 488 fecero
1158 449 1205 486 de

307 515 395 561 filia,

149 579 251 617 Mihi
269 586 311 616 ut
329 580 572 629 despondeat,
593 592 674 616 sese
695 592 716 616 a
734 592 794 616 me
814 578 977 616 derideri
996 578 1150 616 rebitur.

149 643 288 693 Neque
308 644 374 681 illo
392 644 591 693 quisquam
610 651 666 681 est
683 644 773 681 alter
789 643 901 681 hodie
921 655 967 680 ex
984 649 1205 692 paupertate

306 709 468 757 parcior.

92 780 132 812 30
150 772 229 809 Eu.
259 772 309 808 Di
331 784 390 808 me
419 779 578 817 servant,
600 773 700 808 salva
719 785 777 808 res
807 779 883 807 est:
914 772 1055 808 salvom
1083 778 1151 817 est,
1172 770 1204 807 si

306 835 397 884 quid
416 848 492 872 non
511 836 618 884 perit.

149 899 277 937 Nimis
296 900 393 936 male
412 899 532 936 timui.
587 899 811 948 Priusquam
833 899 932 936 intro
951 899 1058 946 redii,
1080 899 1204 936 exani-

306 970 429 1000 matus
448 964 511 1000 fui.

150 1028 288 1065 Redeo
322 1028 367 1064 ad
400 1034 450 1074 te,
480 1027 701 1077 Megadore‚
731 1027 761 1064 si
793 1028 882 1076 quid
915 1040 975 1065 me
1004 1028 1071 1065 vis.
1127 1027 1202 1065 Me.

308 1091 444 1129 Habeo
464 1093 635 1142 gratiam.

149 1156 295 1197 Quaeso
323 1157 425 1205 quod
444 1163 482 1193 te
500 1157 764 1205 percontabor,
786 1169 834 1193 ne
861 1156 897 1193 id
919 1164 956 1193 te
974 1156 1101 1206 pigeat
1120 1168 1205 1205 pro-

306 1220 423 1268 loqui.

151 1283 233 1321 Eu,
259 1283 362 1322 Dum
382 1283 534 1332 quidem
553 1296 601 1320 ne
621 1283 711 1332 quid
725 1283 974 1332 perconteris,
991 1284 1092 1333 quod
1107 1284 1203 1322 mihi

307 1361 385 1385 non
404 1348 532 1385 lubeat
549 1347 734 1397 proloqui.

90 1419 134 1453 ³5
151 1412 226 1451 Me.
255 1412 331 1450 Dic
351 1413 456 1459 mihi,
478 1412 578 1461 quali
599 1425 660 1449 me
681 1412 859 1449 arbitrare
887 1424 1026 1462 genere
1044 1425 1206 1463 progna-

309 1478 415 1514 turn?
470 1475 549 1513 Eu.
579 1476 698 1513 Bono.
755 1522 758 1525 ι
1159 1521 1164 1525 ¹

152 1541 228 1579 Me.
256 1541 366 1582 Quid
391 1540 492 1578 fide?
545 1540 623 1577 Eu.
655 1540 772 1577 Bona.
829 1540 901 1577 M'e.
930 1540 1040 1580 Quid
1068 1541 1204 1578 sactis?

309 1605 388 1642 Eu.
406 1604 542 1654 Neque
560 1605 680 1650 malis,
701 1616 823 1653 neque
843 1604 1034 1653 improbis.

153 1668 229 1708 Me.
258 1669 426 1707 AEtatem
454 1681 577 1706 meam
604 1669 704 1706 sois?
758 1669 836 1706 Eu.
868 1669 960 1706 Soio
987 1681 1069 1706 esse
1094 1681 1204 1719 gran-

311 1733 410 1780 dem,
432 1733 562 1770 itidem
581 1740 622 1769 ut
640 1733 854 1782 pecuniam.

154 1796 229 1838 Me.
262 1796 377 1836 Certe
405 1797 537 1847 edepol
566 1797 742 1846 equidem
773 1804 811 1835 te
839 1797 960 1835 civem
989 1798 1071 1835 sine
1102 1796 1204 1834 mala

310 1860 415 1899 omni
433 1860 578 1898 malitia
