1277 2193
75 118 149 155 124
360 122 614 152 AULULARIA.
654 123 734 151 Λοτ.
757 122 813 149 111.
843 122 940 151 Sem.
961 123 989 150 3.

550 291 711 325 SCENA
744 291 805 325 III.

477 416 639 453 Eueno.
679 416 875 452 CONGmo.

201 544 280 582 Eu.
311 545 400 581 Hoc
430 545 582 593 quidem
611 544 752 590 hercle,
774 555 925 592 quoquo
954 543 1030 590 ibo,
1050 555 1199 581 mecum

307 609 392 655 erit,
413 621 563 645 mecum
585 609 715 654 feram,

149 672 287 721 Neque
306 673 404 709 istuc
421 673 458 709 in
473 673 586 709 tantis
605 672 758 722 periclis
778 684 944 720 unquam
964 671 1199 709 committam

304 746 345 774 ut
364 737 444 774 siet.

149 801 207 838 Ite
226 814 315 838 sane
335 814 438 838 nunc
462 802 538 851 jam
569 801 667 838 intro
695 813 839 847 omneS‚
860 807 897 837 et
917 800 1042 849 coqui,
1063 807 1100 837 et
1117 799 1200 837 tibi-

307 865 414 902 cinae.

149 929 277 967 Etiam
297 930 509 976 introduce,
531 929 562 966 si
582 930 650 975 vis,
672 929 728 966 vel
750 942 902 979 gregem
924 929 1127 965 venalium.

110 998 132 1029 5
150 994 326 1043 Coquite,
348 994 474 1041 facite,
496 994 669 1031 festinate
699 1007 802 1031 nune
829 994 906 1043 jam
927 1000 1121 1041 ¹quantum
1145 992 1200 1029 lu-

305 1058 377 1096 bet.

152 1122 215 1159 Co.
246 1122 450 1172 Temperi:
479 1129 677 1172 postquam
698 1122 898 1171 implevisti
919 1121 1007 1158 fusti
1027 1121 1200 1158 fissorum

307 1194 430 1235 caput.

148 1250 226 1287 Eu.
256 1250 361 1286 Intro
393 1251 476 1295 abi3
511 1262 624 1298 opera
654 1251 729 1286 huc
759 1251 949 1286 conducta
978 1256 1033 1286 est
1063 1256 1196 1295 vestra,

305 1326 381 1350 non
401 1314 531 1350 oratio.

151 1377 214 1415 C'o.
245 1377 333 1414 Heu
362 1390 488 1422 senex,
517 1390 584 1426 pro
612 1377 834 1426 vapulando,
864 1377 1003 1422 hercle,
1033 1389 1104 1427 ego
1134 1377 1197 1413 abs

304 1449 342 1478 te
361 1442 574 1478 mercedem
594 1449 729 1490 petum.

149 1506 314 1542 Coctum
344 1518 427 1555 eg0‚
458 1518 533 1542 non
564 1506 777 1554 vapulatum
810 1506 951 1542 dudum
984 1507 1195 1543 conductus

305 1570 369 1606 fui.
756 1572 762 1578 ’

91 1639 130 1669 10
149 1633 226 1671 Eu.
257 1634 360 1683 Lege
392 1634 492 1683 agito
522 1646 684 1679 mecum,
716 1634 894 1670 molestus
924 1647 971 1671 ne
1000 1634 1071 1671 sis:
1103 1635 1127 1681 i,
1158 1642 1194 1672 et

305 1710 450 1734 coenam
471 1710 603 1745 coque,

148 1761 227 1798 Aut
258 1761 317 1798 abi
352 1761 389 1797 in
423 1761 561 1797 malum
594 1762 804 1798 cruciatum
838 1763 883 1798 ab
916 1763 1068 1801 aedibus.
1127 1764 1189 1801 C'o.

303 1825 380 1862 Abi
399 1832 439 1861 tu
459 1825 581 1862 modo.
