<?xml version="1.0" encoding="UTF-8"?>
<!DOCTYPE html PUBLIC "-//W3C//DTD XHTML 1.0 Transitional//EN"
    "http://www.w3.org/TR/xhtml1/DTD/xhtml1-transitional.dtd">
<html xmlns="http://www.w3.org/1999/xhtml" xml:lang="en" lang="en">
 <head>
  <title>
</title>
<meta http-equiv="Content-Type" content="text/html;charset=utf-8" />
  <meta name='ocr-system' content='tesseract 3.04.00' />
  <meta name='ocr-capabilities' content='ocr_page ocr_carea ocr_par ocr_line ocrx_word'/>
</head>
<body>
  <div class='ocr_page' id='page_1' title='image "amphitruoetaulul00plauuoft_0139.png"; bbox 0 0 1277 2193; ppageno 0'>
   <div class='ocr_carea' id='block_1_1' title="bbox 265 110 1178 147">
    <p class='ocr_par' dir='ltr' id='par_1_1' title="bbox 265 110 1178 147">
     <span class='ocr_line' id='line_1_1' title="bbox 265 110 1178 147; baseline 0.001 -1"><span class='ocrx_word' id='word_1_1' title='bbox 265 117 518 146; x_wconf 44' lang='lat' dir='ltr'>AELL&#39;LAffl-x.</span> <span class='ocrx_word' id='word_1_2' title='bbox 560 118 638 145; x_wconf 43' lang='lat' dir='ltr'><strong>Acvr.</strong></span> <span class='ocrx_word' id='word_1_3' title='bbox 661 117 713 145; x_wconf 90' lang='lat' dir='ltr'>1v.</span> <span class='ocrx_word' id='word_1_4' title='bbox 743 117 840 146; x_wconf 67' lang='lat' dir='ltr'>Sem.</span> <span class='ocrx_word' id='word_1_5' title='bbox 864 118 888 144; x_wconf 94' lang='lat'>1.</span> <span class='ocrx_word' id='word_1_6' title='bbox 1108 110 1178 147; x_wconf 87' lang='lat'>131</span> 
     </span>
    </p>
   </div>
   <div class='ocr_carea' id='block_1_2' title="bbox 50 213 1162 1229">
    <p class='ocr_par' dir='ltr' id='par_1_2' title="bbox 52 213 1102 330">
     <span class='ocr_line' id='line_1_2' title="bbox 52 213 1102 265; baseline -0.003 -11"><span class='ocrx_word' id='word_1_7' title='bbox 52 215 127 263; x_wconf 86' lang='lat' dir='ltr'>Te,</span> <span class='ocrx_word' id='word_1_8' title='bbox 147 217 210 253; x_wconf 88' lang='lat' dir='ltr'>cui</span> <span class='ocrx_word' id='word_1_9' title='bbox 239 216 435 253; x_wconf 82' lang='lat' dir='ltr'>decretum</span> <span class='ocrx_word' id='word_1_10' title='bbox 464 224 520 253; x_wconf 76' lang='lat' dir='ltr'>est</span> <span class='ocrx_word' id='word_1_11' title='bbox 540 217 669 254; x_wconf 83' lang='lat' dir='ltr'>bibere</span> <span class='ocrx_word' id='word_1_12' title='bbox 698 229 842 265; x_wconf 83' lang='lat' dir='ltr'>aquam.</span> <span class='ocrx_word' id='word_1_13' title='bbox 901 215 992 257; x_wconf 65' lang='lat' dir='ltr'>Eu„</span> <span class='ocrx_word' id='word_1_14' title='bbox 1011 213 1102 251; x_wconf 84' lang='lat' dir='ltr'>Scio</span> 
     </span>
     <span class='ocr_line' id='line_1_3' title="bbox 209 289 535 330; baseline 0.003 -13"><span class='ocrx_word' id='word_1_15' title='bbox 209 293 320 330; x_wconf 86' lang='lat' dir='ltr'>quam</span> <span class='ocrx_word' id='word_1_16' title='bbox 341 294 418 317; x_wconf 88' lang='lat' dir='ltr'>rem</span> <span class='ocrx_word' id='word_1_17' title='bbox 441 289 535 330; x_wconf 77' lang='lat' dir='ltr'><strong>agat.</strong></span> 
     </span>
    </p>

    <p class='ocr_par' dir='ltr' id='par_1_3' title="bbox 50 343 893 393">
     <span class='ocr_line' id='line_1_4' title="bbox 50 343 893 393; baseline -0.002 -10"><span class='ocrx_word' id='word_1_18' title='bbox 50 343 102 383; x_wconf 87' lang='lat' dir='ltr'>Ut</span> <span class='ocrx_word' id='word_1_19' title='bbox 121 357 181 382; x_wconf 89' lang='lat' dir='ltr'>me</span> <span class='ocrx_word' id='word_1_20' title='bbox 201 345 363 393; x_wconf 82' lang='lat' dir='ltr'>deponat</span> <span class='ocrx_word' id='word_1_21' title='bbox 382 345 482 390; x_wconf 70' lang='lat' dir='ltr'>vino,</span> <span class='ocrx_word' id='word_1_22' title='bbox 503 358 585 381; x_wconf 74' lang='lat' dir='ltr'>eam</span> <span class='ocrx_word' id='word_1_23' title='bbox 608 346 755 382; x_wconf 76' lang='lat' dir='ltr'>affectat</span> <span class='ocrx_word' id='word_1_24' title='bbox 775 345 893 382; x_wconf 88' lang='lat' dir='ltr'>viam:</span> 
     </span>
    </p>

    <p class='ocr_par' dir='ltr' id='par_1_4' title="bbox 51 409 1161 458">
     <span class='ocr_line' id='line_1_5' title="bbox 51 409 1161 458; baseline 0 -12"><span class='ocrx_word' id='word_1_25' title='bbox 51 409 142 446; x_wconf 85' lang='lat' dir='ltr'><strong>Post</strong></span> <span class='ocrx_word' id='word_1_26' title='bbox 162 410 245 455; x_wconf 84' lang='lat' dir='ltr'>hoo,</span> <span class='ocrx_word' id='word_1_27' title='bbox 267 410 367 458; x_wconf 85' lang='lat' dir='ltr'>quod</span> <span class='ocrx_word' id='word_1_28' title='bbox 388 410 520 454; x_wconf 74' lang='lat' dir='ltr'>habeo,</span> <span class='ocrx_word' id='word_1_29' title='bbox 544 418 583 445; x_wconf 82' lang='lat' dir='ltr'>ut</span> <span class='ocrx_word' id='word_1_30' title='bbox 603 417 810 446; x_wconf 80' lang='lat' dir='ltr'>commutet</span> <span class='ocrx_word' id='word_1_31' title='bbox 830 409 1031 446; x_wconf 80' lang='lat' dir='ltr'>coloniam.</span> <span class='ocrx_word' id='word_1_32' title='bbox 1120 420 1161 452; x_wconf 84' lang='grc' dir='ltr'>4ο</span> 
     </span>
    </p>

    <p class='ocr_par' dir='ltr' id='par_1_5' title="bbox 52 473 996 523">
     <span class='ocr_line' id='line_1_6' title="bbox 52 473 996 523; baseline 0 -13"><span class='ocrx_word' id='word_1_33' title='bbox 52 473 137 523; x_wconf 83' lang='lat' dir='ltr'>Ego</span> <span class='ocrx_word' id='word_1_34' title='bbox 158 474 194 510; x_wconf 94' lang='lat' dir='ltr'>id</span> <span class='ocrx_word' id='word_1_35' title='bbox 216 474 369 519; x_wconf 80' lang='lat' dir='ltr'>cavebo,</span> <span class='ocrx_word' id='word_1_36' title='bbox 390 487 478 510; x_wconf 79' lang='lat' dir='ltr'>nam</span> <span class='ocrx_word' id='word_1_37' title='bbox 499 474 638 510; x_wconf 75' lang='lat' dir='ltr'>alieubi</span> <span class='ocrx_word' id='word_1_38' title='bbox 660 474 874 510; x_wconf 75' lang='lat' dir='ltr'>abstrudam</span> <span class='ocrx_word' id='word_1_39' title='bbox 895 473 996 511; x_wconf 74' lang='lat' dir='ltr'>foris.</span> 
     </span>
    </p>

    <p class='ocr_par' dir='ltr' id='par_1_6' title="bbox 52 537 1051 587">
     <span class='ocr_line' id='line_1_7' title="bbox 52 537 1051 587; baseline 0 -13"><span class='ocrx_word' id='word_1_40' title='bbox 52 537 137 587; x_wconf 86' lang='lat' dir='ltr'>Ego</span> <span class='ocrx_word' id='word_1_41' title='bbox 157 537 253 584; x_wconf 75' lang='lat' dir='ltr'>faxo,</span> <span class='ocrx_word' id='word_1_42' title='bbox 275 546 311 574; x_wconf 88' lang='lat' dir='ltr'>et</span> <span class='ocrx_word' id='word_1_43' title='bbox 330 550 481 586; x_wconf 83' lang='lat' dir='ltr'>operam</span> <span class='ocrx_word' id='word_1_44' title='bbox 502 545 538 573; x_wconf 82' lang='lat' dir='ltr'>et</span> <span class='ocrx_word' id='word_1_45' title='bbox 559 538 686 573; x_wconf 76' lang='lat' dir='ltr'>vinum</span> <span class='ocrx_word' id='word_1_46' title='bbox 706 538 909 586; x_wconf 76' lang='lat' dir='ltr'>perdiderit</span> <span class='ocrx_word' id='word_1_47' title='bbox 929 538 1051 575; x_wconf 83' lang='lat' dir='ltr'>simul.</span> 
     </span>
    </p>

    <p class='ocr_par' dir='ltr' id='par_1_7' title="bbox 51 602 1103 703">
     <span class='ocr_line' id='line_1_8' title="bbox 51 602 1103 652; baseline 0 -14"><span class='ocrx_word' id='word_1_48' title='bbox 51 602 125 639; x_wconf 76' lang='lat' dir='ltr'>Me.</span> <span class='ocrx_word' id='word_1_49' title='bbox 156 602 253 652; x_wconf 84' lang='lat' dir='ltr'>Ego,</span> <span class='ocrx_word' id='word_1_50' title='bbox 276 603 347 638; x_wconf 79' lang='lat' dir='ltr'>nisi</span> <span class='ocrx_word' id='word_1_51' title='bbox 369 603 458 650; x_wconf 82' lang='lat' dir='ltr'>quid</span> <span class='ocrx_word' id='word_1_52' title='bbox 479 615 538 638; x_wconf 84' lang='lat' dir='ltr'>me</span> <span class='ocrx_word' id='word_1_53' title='bbox 558 603 624 648; x_wconf 74' lang='lat' dir='ltr'>vis,</span> <span class='ocrx_word' id='word_1_54' title='bbox 646 615 691 638; x_wconf 90' lang='lat' dir='ltr'>eo</span> <span class='ocrx_word' id='word_1_55' title='bbox 710 603 887 649; x_wconf 78' lang='lat' dir='ltr'>lavatum,</span> <span class='ocrx_word' id='word_1_56' title='bbox 910 610 949 639; x_wconf 91' lang='lat' dir='ltr'>ut</span> <span class='ocrx_word' id='word_1_57' title='bbox 977 616 1103 640; x_wconf 85' lang='lat' dir='ltr'>sacru-</span> 
     </span>
     <span class='ocr_line' id='line_1_9' title="bbox 208 667 328 703; baseline 0 0"><span class='ocrx_word' id='word_1_58' title='bbox 208 667 328 703; x_wconf 82' lang='lat' dir='ltr'>ficem.</span> 
     </span>
    </p>

    <p class='ocr_par' dir='ltr' id='par_1_8' title="bbox 51 729 1101 779">
     <span class='ocr_line' id='line_1_10' title="bbox 51 729 1101 779; baseline 0.003 -13"><span class='ocrx_word' id='word_1_59' title='bbox 51 729 129 768; x_wconf 82' lang='grc' dir='ltr'><em>Ειι.</em></span> <span class='ocrx_word' id='word_1_60' title='bbox 160 731 304 779; x_wconf 90' lang='lat' dir='ltr'>Edepol</span> <span class='ocrx_word' id='word_1_61' title='bbox 326 744 383 767; x_wconf 69' lang='lat' dir='ltr'>nze</span> <span class='ocrx_word' id='word_1_62' title='bbox 405 738 458 776; x_wconf 82' lang='lat' dir='ltr'>tu,</span> <span class='ocrx_word' id='word_1_63' title='bbox 480 731 593 776; x_wconf 82' lang='lat' dir='ltr'>Aula,</span> <span class='ocrx_word' id='word_1_64' title='bbox 614 732 752 767; x_wconf 75' lang='lat' dir='ltr'>multos</span> <span class='ocrx_word' id='word_1_65' title='bbox 779 732 954 769; x_wconf 79' lang='lat' dir='ltr'>inimicos</span> <span class='ocrx_word' id='word_1_66' title='bbox 975 733 1101 779; x_wconf 84' lang='lat' dir='ltr'>habes,</span> 
     </span>
    </p>

    <p class='ocr_par' dir='ltr' id='par_1_9' title="bbox 51 795 1162 843">
     <span class='ocr_line' id='line_1_11' title="bbox 51 795 1162 843; baseline 0.003 -12"><span class='ocrx_word' id='word_1_67' title='bbox 51 795 178 843; x_wconf 89' lang='lat' dir='ltr'>Atque</span> <span class='ocrx_word' id='word_1_68' title='bbox 198 795 296 831; x_wconf 81' lang='lat' dir='ltr'>istuc</span> <span class='ocrx_word' id='word_1_69' title='bbox 318 808 461 841; x_wconf 83' lang='lat' dir='ltr'>aurum,</span> <span class='ocrx_word' id='word_1_70' title='bbox 483 796 583 843; x_wconf 90' lang='lat' dir='ltr'>quod</span> <span class='ocrx_word' id='word_1_71' title='bbox 603 796 670 831; x_wconf 88' lang='lat' dir='ltr'>tibi</span> <span class='ocrx_word' id='word_1_72' title='bbox 691 796 953 833; x_wconf 83' lang='lat' dir='ltr'>concreditum</span> <span class='ocrx_word' id='word_1_73' title='bbox 972 804 1038 834; x_wconf 86' lang='lat' dir='ltr'>est.</span> <span class='ocrx_word' id='word_1_74' title='bbox 1119 804 1162 834; x_wconf 89' lang='grc'>45</span> 
     </span>
    </p>

    <p class='ocr_par' dir='ltr' id='par_1_10' title="bbox 50 858 1104 960">
     <span class='ocr_line' id='line_1_12' title="bbox 50 858 1104 909; baseline 0.003 -14"><span class='ocrx_word' id='word_1_75' title='bbox 50 858 168 896; x_wconf 85' lang='lat' dir='ltr'>Nunc</span> <span class='ocrx_word' id='word_1_76' title='bbox 196 860 269 896; x_wconf 83' lang='lat' dir='ltr'>hoo</span> <span class='ocrx_word' id='word_1_77' title='bbox 298 860 390 896; x_wconf 88' lang='lat' dir='ltr'>mihi</span> <span class='ocrx_word' id='word_1_78' title='bbox 421 860 563 896; x_wconf 80' lang='lat' dir='ltr'>factum</span> <span class='ocrx_word' id='word_1_79' title='bbox 592 868 648 896; x_wconf 83' lang='lat' dir='ltr'>est</span> <span class='ocrx_word' id='word_1_80' title='bbox 677 868 886 909; x_wconf 86' lang='lat' dir='ltr'>optumum,</span> <span class='ocrx_word' id='word_1_81' title='bbox 907 868 948 898; x_wconf 91' lang='lat' dir='ltr'>ut</span> <span class='ocrx_word' id='word_1_82' title='bbox 976 868 1013 898; x_wconf 85' lang='lat' dir='ltr'>te</span> <span class='ocrx_word' id='word_1_83' title='bbox 1042 874 1104 898; x_wconf 84' lang='lat' dir='ltr'>au-</span> 
     </span>
     <span class='ocr_line' id='line_1_13' title="bbox 208 924 322 960; baseline 0 0"><span class='ocrx_word' id='word_1_84' title='bbox 208 924 322 960; x_wconf 79' lang='lat' dir='ltr'>feram</span> 
     </span>
    </p>

    <p class='ocr_par' dir='ltr' id='par_1_11' title="bbox 52 987 1018 1038">
     <span class='ocr_line' id='line_1_14' title="bbox 52 987 1018 1038; baseline 0.003 -14"><span class='ocrx_word' id='word_1_85' title='bbox 52 987 190 1024; x_wconf 85' lang='lat' dir='ltr'>Aulam</span> <span class='ocrx_word' id='word_1_86' title='bbox 212 989 249 1024; x_wconf 84' lang='lat' dir='ltr'>in</span> <span class='ocrx_word' id='word_1_87' title='bbox 269 989 381 1024; x_wconf 85' lang='lat' dir='ltr'>Fidei</span> <span class='ocrx_word' id='word_1_88' title='bbox 402 989 552 1024; x_wconf 84' lang='lat' dir='ltr'>fanum:</span> <span class='ocrx_word' id='word_1_89' title='bbox 584 989 635 1024; x_wconf 90' lang='lat' dir='ltr'>ibi</span> <span class='ocrx_word' id='word_1_90' title='bbox 657 990 870 1025; x_wconf 80' lang='lat' dir='ltr'>abstrudam</span> <span class='ocrx_word' id='word_1_91' title='bbox 890 991 1018 1038; x_wconf 87' lang='lat' dir='ltr'>probe.</span> 
     </span>
    </p>

    <p class='ocr_par' dir='ltr' id='par_1_12' title="bbox 52 1051 935 1101">
     <span class='ocr_line' id='line_1_15' title="bbox 52 1051 935 1101; baseline 0.003 -14"><span class='ocrx_word' id='word_1_92' title='bbox 52 1051 179 1097; x_wconf 84' lang='lat' dir='ltr'>Fides,</span> <span class='ocrx_word' id='word_1_93' title='bbox 200 1052 336 1087; x_wconf 75' lang='lat' dir='ltr'>novisti</span> <span class='ocrx_word' id='word_1_94' title='bbox 357 1065 416 1088; x_wconf 87' lang='lat' dir='ltr'>me</span> <span class='ocrx_word' id='word_1_95' title='bbox 435 1059 471 1088; x_wconf 90' lang='lat' dir='ltr'>et</span> <span class='ocrx_word' id='word_1_96' title='bbox 491 1064 562 1101; x_wconf 82' lang='lat' dir='ltr'>ego</span> <span class='ocrx_word' id='word_1_97' title='bbox 583 1059 640 1088; x_wconf 86' lang='lat' dir='ltr'>te:</span> <span class='ocrx_word' id='word_1_98' title='bbox 672 1065 762 1089; x_wconf 81' lang='lat' dir='ltr'>cave</span> <span class='ocrx_word' id='word_1_99' title='bbox 782 1054 833 1089; x_wconf 81' lang='lat' dir='ltr'>sis</span> <span class='ocrx_word' id='word_1_100' title='bbox 853 1054 935 1099; x_wconf 86' lang='lat' dir='ltr'>tibi,</span> 
     </span>
    </p>

    <p class='ocr_par' dir='ltr' id='par_1_13' title="bbox 52 1116 1076 1162">
     <span class='ocr_line' id='line_1_16' title="bbox 52 1116 1076 1162; baseline 0.004 -10"><span class='ocrx_word' id='word_1_101' title='bbox 52 1116 114 1152; x_wconf 93' lang='lat' dir='ltr'>Ne</span> <span class='ocrx_word' id='word_1_102' title='bbox 133 1123 172 1152; x_wconf 85' lang='lat' dir='ltr'>tu</span> <span class='ocrx_word' id='word_1_103' title='bbox 194 1116 231 1152; x_wconf 86' lang='lat' dir='ltr'>iu</span> <span class='ocrx_word' id='word_1_104' title='bbox 251 1129 310 1152; x_wconf 88' lang='lat' dir='ltr'>me</span> <span class='ocrx_word' id='word_1_105' title='bbox 332 1117 505 1152; x_wconf 76' lang='lat' dir='ltr'>mutassis</span> <span class='ocrx_word' id='word_1_106' title='bbox 526 1129 678 1162; x_wconf 85' lang='lat' dir='ltr'>nomen,</span> <span class='ocrx_word' id='word_1_107' title='bbox 700 1117 732 1153; x_wconf 82' lang='lat' dir='ltr'>si</span> <span class='ocrx_word' id='word_1_108' title='bbox 753 1117 826 1154; x_wconf 84' lang='lat' dir='ltr'>hoc</span> <span class='ocrx_word' id='word_1_109' title='bbox 846 1119 1076 1157; x_wconf 88' lang='lat' dir='ltr'>concreduo.</span> 
     </span>
    </p>

    <p class='ocr_par' dir='ltr' id='par_1_14' title="bbox 50 1179 1162 1229">
     <span class='ocr_line' id='line_1_17' title="bbox 50 1179 1162 1229; baseline 0.002 -13"><span class='ocrx_word' id='word_1_110' title='bbox 50 1179 120 1216; x_wconf 94' lang='lat' dir='ltr'>Ibo</span> <span class='ocrx_word' id='word_1_111' title='bbox 141 1180 186 1216; x_wconf 85' lang='lat' dir='ltr'>ad</span> <span class='ocrx_word' id='word_1_112' title='bbox 205 1187 253 1226; x_wconf 89' lang='lat' dir='ltr'>te,</span> <span class='ocrx_word' id='word_1_113' title='bbox 276 1180 390 1216; x_wconf 83' lang='lat' dir='ltr'>fretus</span> <span class='ocrx_word' id='word_1_114' title='bbox 410 1181 487 1226; x_wconf 56' lang='lat' dir='ltr'>tuiz,</span> <span class='ocrx_word' id='word_1_115' title='bbox 510 1180 636 1227; x_wconf 70' lang='lat' dir='ltr'>Fides,</span> <span class='ocrx_word' id='word_1_116' title='bbox 658 1180 808 1217; x_wconf 57' lang='lat' dir='ltr'>fiducia.</span> <span class='ocrx_word' id='word_1_117' title='bbox 1119 1196 1162 1229; x_wconf 88' lang='lat'>50</span> 
     </span>
    </p>
   </div>
   <div class='ocr_carea' id='block_1_3' title="bbox 312 1377 841 1413">
    <p class='ocr_par' dir='ltr' id='par_1_15' title="bbox 312 1377 841 1413">
     <span class='ocr_line' id='line_1_18' title="bbox 312 1377 841 1413; baseline 0.004 -2"><span class='ocrx_word' id='word_1_118' title='bbox 312 1377 474 1411; x_wconf 87' lang='lat' dir='ltr'>ACTUS</span> <span class='ocrx_word' id='word_1_119' title='bbox 507 1377 570 1411; x_wconf 86' lang='lat' dir='ltr'>IV.</span> <span class='ocrx_word' id='word_1_120' title='bbox 619 1378 781 1413; x_wconf 80' lang='lat' dir='ltr'>SCENA</span> <span class='ocrx_word' id='word_1_121' title='bbox 814 1379 841 1413; x_wconf 93' lang='grc' dir='ltr'>Ι.</span> 
     </span>
    </p>
   </div>
   <div class='ocr_carea' id='block_1_4' title="bbox 462 1502 696 1538">
    <p class='ocr_par' dir='ltr' id='par_1_16' title="bbox 462 1502 696 1538">
     <span class='ocr_line' id='line_1_19' title="bbox 462 1502 696 1538; baseline 0.009 -2"><span class='ocrx_word' id='word_1_122' title='bbox 462 1502 696 1538; x_wconf 66' lang='lat' dir='ltr'><strong>STROBILES.</strong></span> 
     </span>
    </p>
   </div>
   <div class='ocr_carea' id='block_1_5' title="bbox 54 1628 1102 2003">
    <p class='ocr_par' dir='ltr' id='par_1_17' title="bbox 54 1628 1102 2003">
     <span class='ocr_line' id='line_1_20' title="bbox 106 1628 1102 1684; baseline 0.005 -19"><span class='ocrx_word' id='word_1_123' title='bbox 106 1628 194 1666; x_wconf 90' lang='lat' dir='ltr'>Hoc</span> <span class='ocrx_word' id='word_1_124' title='bbox 224 1635 280 1666; x_wconf 78' lang='lat' dir='ltr'>est</span> <span class='ocrx_word' id='word_1_125' title='bbox 307 1629 402 1666; x_wconf 88' lang='lat' dir='ltr'>servi</span> <span class='ocrx_word' id='word_1_126' title='bbox 433 1629 579 1667; x_wconf 83' lang='lat' dir='ltr'>facinus</span> <span class='ocrx_word' id='word_1_127' title='bbox 607 1630 718 1680; x_wconf 83' lang='lat' dir='ltr'>frugi,</span> <span class='ocrx_word' id='word_1_128' title='bbox 748 1630 872 1668; x_wconf 83' lang='lat' dir='ltr'>faeere</span> <span class='ocrx_word' id='word_1_129' title='bbox 901 1632 1001 1681; x_wconf 91' lang='lat' dir='ltr'>quod</span> <span class='ocrx_word' id='word_1_130' title='bbox 1029 1645 1102 1684; x_wconf 87' lang='lat' dir='ltr'>ego</span> 
     </span>
     <span class='ocr_line' id='line_1_21' title="bbox 210 1706 435 1742; baseline 0 -12"><span class='ocrx_word' id='word_1_131' title='bbox 210 1706 435 1742; x_wconf 85' lang='lat' dir='ltr'>persequor:</span> 
     </span>
     <span class='ocr_line' id='line_1_22' title="bbox 54 1757 1102 1808; baseline 0.004 -12"><span class='ocrx_word' id='word_1_132' title='bbox 54 1757 141 1796; x_wconf 81' lang='lat' dir='ltr'>Neo</span> <span class='ocrx_word' id='word_1_133' title='bbox 169 1770 281 1794; x_wconf 86' lang='lat' dir='ltr'>morae</span> <span class='ocrx_word' id='word_1_134' title='bbox 310 1758 566 1806; x_wconf 78' lang='lat' dir='ltr'>molestiaeque</span> <span class='ocrx_word' id='word_1_135' title='bbox 595 1759 793 1808; x_wconf 87' lang='lat' dir='ltr'>imperium</span> <span class='ocrx_word' id='word_1_136' title='bbox 821 1760 938 1798; x_wconf 90' lang='lat' dir='ltr'>herile</span> <span class='ocrx_word' id='word_1_137' title='bbox 965 1760 1102 1799; x_wconf 87' lang='lat' dir='ltr'>habeat</span> 
     </span>
     <span class='ocr_line' id='line_1_23' title="bbox 211 1821 580 1858; baseline 0 0"><span class='ocrx_word' id='word_1_138' title='bbox 211 1821 293 1858; x_wconf 86' lang='lat' dir='ltr'>sibi.</span> <span class='ocrx_word' id='word_1_139' title='bbox 577 1821 580 1825; x_wconf 83' lang='grc'>’</span> 
     </span>
     <span class='ocr_line' id='line_1_24' title="bbox 56 1884 1097 1939; baseline 0.005 -17"><span class='ocrx_word' id='word_1_140' title='bbox 56 1884 157 1923; x_wconf 88' lang='lat' dir='ltr'>Nam</span> <span class='ocrx_word' id='word_1_141' title='bbox 177 1886 239 1934; x_wconf 87' lang='lat' dir='ltr'>qui</span> <span class='ocrx_word' id='word_1_142' title='bbox 256 1886 346 1923; x_wconf 88' lang='lat' dir='ltr'>hero</span> <span class='ocrx_word' id='word_1_143' title='bbox 365 1899 411 1923; x_wconf 87' lang='lat' dir='ltr'>ex</span> <span class='ocrx_word' id='word_1_144' title='bbox 425 1887 609 1924; x_wconf 59' lang='lat' dir='ltr'>sententia</span> <span class='ocrx_word' id='word_1_145' title='bbox 626 1888 765 1925; x_wconf 84' lang='lat' dir='ltr'>servire</span> <span class='ocrx_word' id='word_1_146' title='bbox 780 1901 907 1926; x_wconf 87' lang='lat' dir='ltr'>servus</span> <span class='ocrx_word' id='word_1_147' title='bbox 921 1890 1097 1939; x_wconf 87' lang='lat' dir='ltr'>postulat,</span> 
     </span>
     <span class='ocr_line' id='line_1_25' title="bbox 56 1947 1079 2003; baseline 0.005 -17"><span class='ocrx_word' id='word_1_148' title='bbox 56 1947 102 1986; x_wconf 91' lang='lat' dir='ltr'>In</span> <span class='ocrx_word' id='word_1_149' title='bbox 121 1950 253 1987; x_wconf 87' lang='lat' dir='ltr'>herum</span> <span class='ocrx_word' id='word_1_150' title='bbox 272 1957 429 1997; x_wconf 81' lang='lat' dir='ltr'>matura,</span> <span class='ocrx_word' id='word_1_151' title='bbox 452 1951 489 1988; x_wconf 89' lang='lat' dir='ltr'>in</span> <span class='ocrx_word' id='word_1_152' title='bbox 509 1964 548 1988; x_wconf 84' lang='lat' dir='ltr'>se</span> <span class='ocrx_word' id='word_1_153' title='bbox 568 1964 651 1989; x_wconf 81' lang='lat' dir='ltr'>sera</span> <span class='ocrx_word' id='word_1_154' title='bbox 669 1952 853 1990; x_wconf 82' lang='lat' dir='ltr'>condecet</span> <span class='ocrx_word' id='word_1_155' title='bbox 873 1965 1079 2003; x_wconf 84' lang='lat' dir='ltr'>capessere.</span> 
     </span>
    </p>
   </div>
  </div>
 </body>
</html>
