1277 2193
249 132 504 162 AULULARIA.
545 134 624 161 Am.
647 133 699 161 1v.
730 132 829 161 scm.
852 132 896 160 10.
1101 123 1176 161 145

50 230 84 280 1,
118 229 237 269 refer:
279 232 474 270 dimidiam
511 239 638 269 tecum
672 231 798 281 potius
833 238 977 280 partem
1008 228 1099 266 divi-

208 295 306 333 dam.

50 357 224 397 Tametsi
253 359 311 396 fur
338 359 431 397 mihi
459 373 512 407 es,
533 360 713 397 molestus
731 371 808 396 non
827 371 903 396 ero.
959 357 978 396 I
997 370 1098 405 vero,

210 423 316 461 refer.

51 487 130 537 Ly.
161 488 285 524 Sanus
304 495 345 525 tu
364 500 440 525 non
459 500 512 534 es,
534 488 598 536 qui
618 488 738 524 furem
757 499 817 524 me
835 499 959 524 voces.
1015 486 1101 538 Ego

210 558 261 598 te,
281 552 432 598 Euclio,

51 614 113 653 De
150 615 223 652 alia
259 628 299 652 re
335 616 531 653 rescivisse
568 615 712 661 censui,
747 615 847 663 quod
881 615 927 652 ad
958 627 1019 652 me
1050 620 1102 652 at-

210 679 313 716 tinet.
1118 682 1160 714 40

51 742 198 794 Magna
225 751 282 780 est
309 755 382 790 res,
402 756 514 792 quam
541 755 613 794 ego
632 750 759 780 tecum
781 743 912 789 otiose,
933 742 964 780 si
983 742 1103 780 otium

210 814 278 853 est,
300 808 412 856 cupio
432 807 545 855 loqui.

53 870 134 908 Eu.
162 870 239 908 Dic
258 871 358 908 bona
373 871 467 908 fide:
496 878 537 908 tu
557 870 595 907 id
617 883 748 908 aurum
767 883 844 908 non
863 870 1103 920 surripuisti?

210 935 286 984 Ly.
316 935 436 972 Bonfi.

54 998 135 1036 Eu.
164 998 302 1047 Neque
321 999 396 1035 scis
411 999 495 1047 quis
511 999 730 1035 abstulerit?
785 999 861 1047 Ly.
890 999 996 1036 Istuc
1015 1011 1105 1048 quo-

213 1074 285 1110 que
306 1063 414 1098 bona.
470 1062 548 1098 Ειι.
580 1062 706 1110 Atque
726 1062 764 1098 id
783 1062 814 1099 si
833 1062 944 1108 scies,

54 1125 138 1166 Qui
175 1126 382 1171 abstulerit,
410 1125 503 1162 mihi
536 1126 750 1163 indicabis?
819 1126 895 1175 Ly.
934 1125 1102 1164 Faciam.

212 1189 290 1226 Eu.
320 1189 457 1238 Neque
475 1196 618 1238 partem
638 1189 706 1226 tibi

56 1253 121 1291 Ab
152 1265 212 1300 e0‚
244 1253 375 1302 quiqui
409 1260 478 1299 est,
511 1253 600 1290 inde
631 1265 790 1303 posces:
828 1265 953 1303 neque
986 1254 1106 1292 furem

213 1317 407 1367 excipies?
464 1317 541 1367 Ly.
571 1316 640 1354 Ita.
1121 1321 1163 1354 45

58 1380 137 1418 Eu.
165 1380 274 1421 Quid
302 1381 334 1418 si
362 1381 484 1418 fallis?
539 1382 614 1430 Ly.
644 1381 748 1418 Tum
776 1393 836 1419 me
864 1381 978 1419 faeiat
1005 1382 1106 1431 quod

214 1445 291 1481 volt
309 1457 468 1495 magnus
487 1444 510 1481 J
514 1445 670 1494 uppiter.

59 1507 139 1545 Eu.
180 1508 248 1545 Sat
279 1509 411 1546 habeo.
478 1509 563 1558 Age
599 1522 702 1546 nunc
737 1509 891 1558 loquere
918 1509 1010 1559 quid
1038 1510 1104 1548 vis.

217 1572 294 1620 Ly.
323 1572 365 1609 Si
384 1585 445 1609 me
462 1572 599 1609 novisti
618 1573 756 1618 minus,

60 1635 210 1673 Genere
230 1635 294 1684 qui
322 1636 392 1672 sim
419 1642 575 1686 gnatus:
605 1636 668 1673 hic
690 1636 782 1675 mihi
801 1644 858 1675 est
876 1636 1107 1689 Megadorus

221 1699 446 1736 avonculus:

63 1761 177 1800 Meus
203 1762 274 1800 fuit
299 1770 404 1813 pater
432 1763 709 1802 Antimachus:
743 1777 814 1816 ego
841 1777 955 1804 vocor
987 1765 1108 1816 Lyco-

219 1826 347 1864 nides:

61 1889 187 1931 Mater
217 1897 274 1928 est
302 1890 501 1928 Eunomia.
567 1891 645 1930 Eu.
675 1892 777 1932 Novi
802 1907 935 1945 genus.
987 1893 1109 1934 Nunc

221 1953 311 2004 quid
329 1954 412 1992 vis?
443 1954 481 1992 id
499 1955 584 1993 volo
1124 1965 1168 2000 50

223 2029 246 2055 P
380 2018 429 2055 13
