1277 2193
22 128 72 166 70
297 138 565 168 AMPHITRUO.
608 139 688 166 Αι-τ.
712 138 764 166 lv.
792 138 891 166 scm.
916 139 940 166 1.

371 309 535 343 ACTUS
564 309 625 342 lV.
665 308 826 342 SCENA
851 308 877 342 I.

495 433 753 470 AMPHITRUO.

153 562 411 601 NAUCRATEM
429 575 538 611 quem
561 562 763 599 convenire
783 562 896 608 volui,
914 562 951 599 in
971 562 1056 598 navi
1077 574 1153 598 non

257 635 358 665 erat:

101 692 238 742 Neque
266 693 381 735 domi,
402 705 525 741 neque
557 692 593 729 in
620 693 713 728 urbe
742 691 893 728 invenio
914 703 1154 740 quemquam,

259 758 322 806 qui
344 758 448 794 illum
469 757 614 793 viderit.

100 821 203 859 Nam
222 822 344 858 omnis
362 822 506 870 plateas
525 821 748 870 Perreptavi,
765 820 960 870 gymnasia
979 826 1015 856 et
1035 832 1156 868 myro-

259 886 382 935 polia:

101 951 214 1001 Apud
245 951 467 999 emporium,
500 957 610 999 atque
640 951 677 987 in
706 950 880 996 macello,
911 950 949 986 in
982 949 1155 998 palaestrei

259 1021 369 1063 atque
390 1014 428 1051 in
450 1015 553 1051 foro:

63 1087 84 1117 5
102 1079 147 1117 In
175 1079 389 1126 medicinis,
412 1079 450 1115 in
479 1079 686 1126 tonstrinis,
710 1079 805 1128 apud
836 1078 960 1115 omnis
988 1077 1078 1114 aedis
1100 1091 1156 1115 sa-

262 1157 355 1182 cras.

104 1210 199 1247 Sum
218 1209 386 1247 defessus
407 1209 653 1257 quaeritando,
675 1221 859 1256 nusquam
881 1206 1031 1243 invenio
1052 1206 1156 1242 Nau-

261 1280 411 1310 cratem.

103 1338 221 1376 Nune
241 1338 395 1374 domum
425 1338 499 1383 ibo,
522 1344 631 1385 atque
652 1349 696 1373 ex
716 1348 831 1372 uxore
860 1335 959 1371 hanc
978 1347 1057 1371 rem
1077 1347 1158 1383 per-

263 1416 348 1452 gam
369 1403 578 1450 exquirere,

104 1468 207 1508 Quis
240 1467 364 1512 fuerit,
399 1479 510 1515 quem
541 1472 689 1515 propter
728 1477 864 1513 eorpus
896 1477 1005 1501 suum
1039 1463 1157 1515 stupri

265 1531 517 1580 compleverit.

107 1595 208 1632 Nam
228 1608 300 1641 me,
323 1607 433 1643 quam
461 1595 561 1630 illam
582 1593 827 1641 quaestionem
858 1593 1074 1641 inquisitam
1094 1592 1159 1628 ho-

264 1659 325 1695 die
346 1659 528 1704 amittere,

51 1728 91 1760 10
109 1723 303 1761 Mortuum
324 1723 439 1759 satius
455 1729 520 1759 est.
572 1722 647 1758 Sed
669 1720 759 1758 aedis
779 1721 1030 1757 occluserunt.
1083 1719 1159 1755 Eu-

267 1788 393 1837 gepae!

111 1851 254 1890 Pariter
282 1851 355 1887 hoe
375 1851 426 1897 fit,
450 1857 558 1899 atque
578 1857 619 1886 ut
640 1849 711 1887 alia
732 1850 829 1886 faeta
854 1855 951 1886 sunt.
1008 1847 1159 1884 Feriam

269 1914 369 1953 soris.
