1277 2193
359 113 627 143 AMPHITRUO.
668 113 868 142 Surromu.
1159 102 1210 140 75

92 212 217 260 Video,
229 218 428 263 postquam
450 213 604 250 advenio
625 211 810 262 peregre!
840 222 925 248 nam
943 209 1042 247 veru'
1064 211 1131 256 est,

240 278 339 327 quod
355 278 439 314 olim
459 284 512 315 est
533 278 702 314 auditum

83 341 328 388 Fabularier,
347 348 507 379 mutatos
527 342 677 379 Atticos
694 342 737 378 in
754 339 931 377 Arcadici
959 338 1132 385 homines,

83 406 143 443 Et
170 419 287 443 soevas
317 407 456 443 belluas
484 406 718 452 mansitasse,
739 418 801 442 nec
828 417 992 454 unquam
1016 402 1134 441 denuo

231 471 456 520 parentibus

86 534 277 584 Cognitos.
345 535 401 572 Bl.
437 535 547 579 Quid
572 535 662 572 illuc
691 534 832 571 Sosia?
861 545 1006 582 ,magna
1032 536 1133 579 sunt,

241 612 322 649 quae
342 600 438 636 mira
450 599 653 648 praedicas.
1151 605 1172 636 5

83 664 175 701 Ain’
198 669 239 700 tu
260 664 415 701 alterum
441 670 475 701 te
503 664 680 713 reperisse
708 663 805 700 (lomi
831 662 1050 700 consimilem
1069 660 1136 698 So-

240 729 363 765 siam?

87 793 150 830 So.
180 793 266 829 Aio.
334 792 411 829 Sed
435 793 521 830 lieus
550 798 604 839 tu,
634 805 738 842 quom
766 805 833 841 ego
859 791 1019 838 Sosiam,
1047 790 1137 828 Am-

230 857 469 906 phitruonem
488 857 729 906 Amphitruo,
751 856 845 906 quid
862 856 934 893 scis
954 868 1005 893 an

92 921 151 958 Tu
168 920 277 971 forte
305 922 420 958 alium
447 922 721 971 Blepharonem
741 921 910 971 parias?
935 921 961 959 ὃ
988 919 1052 957 Di
1066 919 1138 970 fa-

241 986 358 1032 ciant,
378 991 420 1022 ut
439 992 479 1022 tu
500 999 641 1036 quoque

87 1048 266 1087 Concisus
287 1051 447 1099 pugnis,
469 1055 503 1087 et
526 1050 637 1086 illisis
657 1049 841 1096 dentibus,
862 1049 906 1086 id
921 1049 1135 1099 impransus

242 1114 409 1151 creduas.

84 1178 188 1215 Nam
205 1191 286 1227 ego,
305 1179 367 1216 ille
387 1179 483 1215 alter
502 1179 627 1225 Sosia,
647 1179 713 1229 qui
737 1179 817 1216 illic
845 1191 937 1226 sum,
956 1191 1010 1216 me
1027 1178 1136 1216 malis

241 1244 418 1280 mulcavit
437 1243 562 1280 modis.
1154 1254 1195 1286 10

86 1306 143 1345 Bl.
176 1307 285 1344 Mira
310 1306 492 1357 profecto.
549 1307 627 1344 Secl
648 1306 796 1356 gradus
825 1307 994 1345 condecet
1017 1320 1138 1358 gran-

243 1372 322 1409 dire
335 1386 348 1408 .·
376 1385 461 1409 nam
478 1377 522 1408 ut
541 1372 657 1418 video,

87 1435 277 1485 Ezpectat
295 1436 535 1486 Amphitruo,
557 1442 590 1472 et
610 1450 748 1473 vacuus
768 1437 859 1474 mihi
877 1442 1003 1474 venter
1022 1438 1138 1488 crepi-

247 1505 314 1537 tat.
371 1501 457 1537 Am.
488 1500 546 1536 Et
565 1501 658 1550 quid
676 1501 802 1538 aliena

88 1564 286 1601 Fabulor?
324 1565 363 1600 in
391 1571 515 1601 nostro
548 1565 632 1601 olim
669 1565 843 1602 Thebano
867 1578 1002 1615 genere
1030 1567 1138 1617 plus-

246 1642 355 1677 quam
374 1630 470 1665 mira
489 1635 699 1675 memorant,

88 1693 346 1741 Blartigenam
362 1693 422 1729 ille
442 1706 646 1741 aggressus
662 1694 817 1731 belluam
836 1708 995 1744 magnus
1012 1694 1136 1733 Euro-

237 1769 300 1806 poe
319 1763 492 1806 quoestor,
513 1758 698 1805 anguineo

89 1820 257 1871 Repente
276 1821 409 1858 hosteis
422 1822 570 1871 peperit
589 1823 738 1859 seminio
751 1837 763 1858 :
791 1829 825 1860 et
845 1824 1027 1873 pugnata
1046 1825 1137 1862 illac

240 1898 376 1934 Pugna
1155 1899 1197 1930 15
