1277 2193
265 146 534 177 AMPHITRUo.
576 148 658 176 Aer.
679 147 720 176 11.
748 147 849 177 Sem«.
869 147 896 176 2.
1133 140 1185 177 49

50 244 344 295 Exspectatum:
374 259 462 284 eum
481 247 618 284 salutat
636 247 757 298 magis
777 246 877 284 haud
892 245 1104 295 quisquam,

210 324 320 360 quam
342 324 486 348 canem.

48 375 135 413 Am.
165 376 216 413 Et
236 389 325 413 cum
340 384 377 413 te
396 377 602 426 gravidam,
619 383 657 414 et
676 388 762 413 cum
778 375 936 425 pulchre
955 375 1106 425 plenam

209 441 363 489 aspicio,
385 441 544 491 gaudeo

47 504 114 542 Al.
144 504 318 542 Obsecro
339 513 498 552 ecastor,
515 506 606 555 quid
625 513 666 542 tu
681 518 742 542 me
761 505 963 542 deridiculi
982 503 1105 554 gratia
1123 507 1164 538 50

50 569 118 607 Sic
150 569 320 607 salutas?
363 578 474 619 atque
514 571 678 620 appellas
712 570 819 619 quasi
852 570 996 606 dudum
1028 580 1106 605 non

206 634 358 681 videris,

47 697 250 747 Quasique
280 712 383 736 nunc
412 700 575 749 primum
606 700 768 748 recipias
794 706 830 736 te
856 699 1010 735 domum
1030 697 1106 734 huc

207 775 252 799 ex
272 763 456 810 hostibus,

49 827 178 876 Atque
211 840 271 864 me
308 841 412 865 nunc
449 829 607 877 proinde
645 828 822 877 appellas,
852 827 958 876 quasi
986 826 1106 863 multo

206 900 291 942 post
310 893 475 930 videris?

47 955 133 994 Am.
164 956 286 994 Immo
307 958 482 1006 equidem
502 965 552 1003 te,
569 958 642 994 nisi
657 971 760 994 nunc
775 957 901 1004 hodie,
917 969 1106 1005 nusquam

205 1022 281 1058 vidi
302 1022 482 1071 gentium.

49 1085 114 1123 Al.
145 1086 224 1123 Cur
254 1088 394 1135 negas?
451 1087 535 1123 Am.
569 1086 677 1126 Quia
704 1099 791 1123 vera
819 1087 937 1123 didici
966 1087 1104 1123 dicere.

208 1151 273 1187 Al.
305 1151 417 1187 Haud
441 1164 589 1199 aequum
611 1151 713 1197 facit,
1123 1152 1165 1184 55

47 1216 130 1257 Qui
151 1217 251 1264 quod
271 1216 416 1260 didicit,
439 1216 476 1251 id
496 1216 667 1252 dediscit.
724 1216 788 1253 An
806 1215 1076 1264 periclitamini

48 1280 156 1320 Quid
188 1280 302 1317 animi
332 1280 516 1316 habeam?
546 1280 611 1316 sed
640 1279 730 1327 quid
759 1279 834 1316 huc
859 1292 925 1316 vos
953 1280 1106 1317 revorti-

208 1344 302 1381 mini
321 1351 397 1380 tam
417 1344 521 1380 cito'l

52 1409 115 1446 An
134 1416 171 1446 te
192 1409 401 1457 auspicium
424 1416 696 1445 commoratum
727 1409 808 1445 est?
838 1422 884 1445 an
905 1415 1107 1458 tempestas

209 1473 404 1509 continet?

50 1536 134 1577 Qui
162 1549 239 1573 non
268 1537 391 1573 abiisti
421 1537 467 1573 ad
486 1537 669 1586 legiones,
691 1537 742 1574 ita
760 1537 816 1574 uti
836 1537 979 1574 dudum
1005 1538 1106 1575 dixe-

210 1614 270 1637 ras
282 1602 295 1637 ’ἶ

52 1664 138 1702 Am.
182 1664 358 1701 Dudum!
394 1677 505 1713 quam
539 1664 681 1701 dudum
715 1665 812 1702 istuc
845 1665 987 1702 sactum
1021 1667 1105 1703 est?

210 1728 274 1765 Al.
304 1728 470 1773 Tentas;
497 1729 574 1777 jam
594 1729 750 1774 dudum,
770 1729 929 1778 pridem,
950 1730 1076 1767 modo.
1122 1739 1163 1771 60

52 1792 139 1830 Am.
167 1791 250 1832 Qui
283 1791 381 1828 istuc
412 1792 512 1841 potis
541 1799 597 1829 est
628 1793 722 1839 fieri,
753 1806 893 1842 quaeSO‚
924 1800 966 1830 ut
993 1793 1104 1841 dicis,

207 1857 444 1906 jamdudum,
465 1857 604 1894 modo?

53 1921 120 1959 Al.
155 1921 262 1961 Quid
296 1921 397 1958 enirn
431 1922 589 1958 censes?
627 1929 664 1959 te
696 1928 737 1958 ut
768 1922 944 1960 deludam
972 1929 1106 1960 contra

210 1986 372 2022 lusorem
393 1998 530 2032 meum,

214 2063 235 2086 P
367 2051 392 2086 5
