1277 2193
257 131 511 161 AuLuLAx-m.
554 132 631 159 Αετ.
656 131 706 159 [v.
736 131 832 159 Sem«.
854 131 880 160 9.
1097 124 1168 163 141

46 228 233 278 Equidem
254 243 328 278 quo
348 243 443 277 eam,
466 237 528 267 aut
548 230 612 267 ubi
640 230 724 277 sim,
746 236 808 267 aut
835 230 899 279 qui
928 229 1011 276 sim,
1030 242 1095 268 ne-

203 307 299 343 queo
320 308 405 331 cum
428 295 552 331 animo

45 357 202 395 Certum
250 359 485 409 investigare.
560 358 733 396 Obsecro
769 371 835 396 vos
875 371 960 409 eg0,
1000 358 1093 396 mihi

204 424 355 470 auxilio,

45 487 138 534 Oro,
159 489 337 535 obtestor,
359 488 451 534 sitis,
469 495 505 525 et
525 488 716 524 hominem
735 487 1008 535 demonstretis,
1028 488 1091 538 qui

202 566 285 590 eam
307 554 511 599 abstulerit,
1108 554 1130 585 5

42 617 126 657 Qui
146 618 281 654 vestitu
307 625 343 654 et
363 617 466 654 creta
494 618 687 654 occultant
706 629 800 664 sese,
823 623 934 665 atque
960 616 1093 654 sedent

202 682 307 730 quasi
327 682 400 718 sint
421 682 530 732 frugi.

42 746 151 786 Quid
172 747 226 782 ais
246 747 311 782 tu?
341 747 408 782 tibi
437 746 591 782 credere
619 752 762 782 eertum
791 752 867 782 est:
897 757 983 782 nam
1011 757 1092 782 esse

201 811 354 856 bonum,
376 823 396 846 e
415 810 518 846 vultu
540 822 741 859 cognosco.

43 873 149 914 Quid
180 875 261 911 est?
295 874 384 922 quid
412 874 568 910 ridetis?
597 874 683 910 novi
711 886 855 920 omnes,
884 872 964 910 scio
991 873 1091 910 sures

202 951 283 975 esse
303 937 366 974 hie
386 938 609 986 complures.

45 1001 158 1047 Hem,
179 1014 291 1038 nemo
311 1002 423 1038 habet
442 1002 597 1037 horum!
627 1001 812 1037 occidisti.
869 1001 945 1038 Dio
964 1001 1089 1051 igitur,

201 1066 284 1113 quis
304 1066 439 1101 habet?
468 1065 612 1101 neseis!

46 1129 133 1166 Heu
154 1142 213 1166 me
233 1130 424 1175 miserum,
445 1129 643 1165 miserum!
673 1128 767 1177 perii
788 1128 883 1165 male
902 1128 1089 1177 perditus!

199 1206 372 1243 pessume
392 1200 546 1229 ornatus
566 1206 624 1239 e0‚
1109 1206 1149 1238 10

44 1258 213 1295 Tantum
242 1258 371 1307 gemiti
397 1264 434 1293 et
453 1257 558 1293 malae
588 1257 772 1293 moestitiae
800 1256 864 1294 hic
892 1257 972 1294 dies
999 1258 1092 1295 mihi

201 1322 349 1367 obtulit,

47 1386 202 1423 Famem
239 1393 274 1422 et
310 1385 547 1434 pauperiem:
584 1385 871 1434 perditissumus
907 1398 978 1435 ego
1009 1398 1092 1422 sum

202 1450 368 1485 omnium
399 1450 436 1485 in
465 1449 575 1486 terra.

48 1513 149 1550 Nam
177 1513 264 1560 quid
295 1513 387 1549 mihi
420 1526 513 1561 opus
542 1519 596 1548 est
625 1513 714 1558 vitai,
743 1513 806 1560 qui
838 1519 984 1549 tantum
1011 1513 1092 1550 auri

203 1576 361 1625 perdidi,

46 1641 165 1679 Quod
186 1640 370 1676 custodivi
391 1640 548 1676 sedulo?
606 1640 767 1689 Egomet
783 1652 841 1676 me
861 1639 1090 1687 defraudavi,

49 1705 306 1751 Animumque
326 1716 462 1747 meum,
480 1704 706 1752 geniumque
726 1716 860 1741 meum.
916 1704 1030 1742 Nune
1044 1717 1091 1742 eo

206 1768 267 1803 alii
288 1767 536 1812 laetificantur,
1109 1775 1148 1806 15

51 1832 141 1869 Meo
160 1831 257 1868 malo
277 1838 313 1867 et
332 1832 490 1869 damno:
518 1831 593 1879 pati
614 1844 771 1879 nequeO.

51 1897 125 1945 Ly.
154 1895 323 1935 Quinam
344 1895 456 1930 homo
476 1895 537 1930 hic
558 1902 642 1932 ante
665 1895 755 1932 aedis
773 1903 918 1933 nostras
945 1896 1089 1946 ejulans

159 2008 162 2011 Ι
205 1959 446 2007 conqueritur
466 1960 651 1995 moerens?
