1277 2193
42 101 95 141 80
386 111 655 142 AMPHl'rRUo.
695 111 897 141 Supposm.

64 214 105 246 70
123 209 305 248 Mazuma
323 211 537 249 memoravit
555 210 678 248 mira.-
697 207 1084 261 proestigiator'forte
1109 215 1176 248 aut

279 274 459 325 veneficus

123 339 242 376 Hanc
271 345 445 377 excantat
473 339 545 376 tibi
561 338 769 388 familiam.
826 339 984 389 Inquire
1011 338 1176 385 aliunde,

280 404 363 442 vide
383 404 477 455 quid
492 405 572 441 siet.

127 469 204 506 Nec
225 474 311 506 ante
330 470 425 506 hunc
446 469 694 506 excruciatum
712 468 883 506 miserum
896 468 1048 518 facias,
1068 481 1178 519 quam

282 547 356 570 rem
376 534 583 582 intellegas.

127 597 214 634 Am.
254 597 373 634 Recte
408 611 526 634 mones
540 611 553 633 .·
594 610 731 644 eamus,
768 603 803 635 te
839 597 1036 635 advorsum
1072 596 1180 634 uxori

284 662 394 699 etiam
414 662 633 699 advocatum
652 663 741 700 volo.

181 800 388 850 JIJPPITER.
429 813 685 851 AMPHITRUO.
726 815 856 851 Sosm.
896 813 1126 851 BLEPHARO.

127 918 190 955 Ju.
217 918 317 963 Quis
337 924 413 955 tam
431 924 537 955 vasto
564 919 695 969 impete
714 919 781 955 has
799 918 925 968 foreis
949 924 1023 956 toto
1043 919 1183 957 convol-

285 983 337 1019 sit
357 983 508 1020 cardine
522 986 539 1019 ?

135 1047 234 1091 Quis
263 1053 349 1084 ante
378 1047 486 1084 aedeis
515 1053 645 1084 tantas
674 1046 816 1084 tamdiu
837 1047 968 1084 turbas
989 1048 1182 1084 concitat?

288 1125 391 1161 quem
410 1112 444 1148 si
463 1125 679 1161 comperero,

139 1176 302 1213 Telebois
332 1175 564 1225 sacraficabo
591 1176 771 1212 manibus.
827 1176 944 1212 Nihil
959 1181 1025 1221 est,
1045 1181 1088 1212 ut
1107 1176 1185 1213 dici

286 1241 388 1286 solet,

137 1303 253 1348 Quod
277 1304 382 1341 hodie
410 1304 495 1340 bene
523 1303 696 1340 succedat
728 1303 828 1340 mihi.
897 1303 1063 1341 Deserui
1094 1303 1185 1341 Ble-

284 1368 500 1417 pharonem,
521 1373 554 1404 et
574 1368 734 1414 Sosiam,

93 1438 116 1468 5
142 1432 191 1469 Ut
219 1438 417 1481 cognatum
445 1432 678 1468 Naucratem
707 1432 956 1469 convenirem:
988 1432 1085 1469 hunc
1113 1446 1185 1470 non

291 1497 424 1545 reperi,
446 1502 479 1533 et
499 1497 579 1533 illos
592 1496 759 1545 perdidi.

135 1561 213 1598 Sed
238 1575 294 1599 eos
323 1561 451 1598 video:
479 1561 538 1597 ibo
566 1560 774 1606 advorsum,
794 1566 836 1597 ut
863 1561 1011 1611 siquid
1035 1561 1184 1608 liabent,

294 1626 470 1662 scisciter.
529 1626 591 1662 So.
621 1625 827 1674 Blepharo,
848 1625 927 1662 illic
946 1626 1013 1675 qui

137 1689 201 1727 Ex
217 1690 369 1736 cedibus,
386 1690 493 1726 herus
509 1695 575 1736 est,
591 1689 650 1726 liic
666 1702 749 1726 vero
764 1689 953 1739 veneficus.
998 1689 1054 1726 Bl.
1075 1689 1185 1726 Prolz

292 1754 485 1803 Juppiter,

139 1818 253 1863 Quid
278 1819 452 1855 intueor?
485 1819 545 1855 bic
573 1832 644 1856 non
672 1825 738 1865 est,
767 1817 832 1857 sed
855 1818 919 1857 ille
945 1818 1183 1868 Amphitruo.

294 1883 389 1921 Istic
407 1882 443 1919 si
449 1882 562 1932 fuat,
