1277 2193
66 84 139 122 114
341 89 594 118 AULULAmA.
635 90 714 117 Λοτ.
744 88 782 116 11.
811 89 909 116 svm.
936 89 963 116 4.

256 204 279 227 »ιι
413 204 434 226 a:
569 204 591 226 212
726 203 747 224 ῆι
882 204 904 225 a*
1038 204 1061 226 ε*

139 253 203 292 Co.
225 253 344 302 Atqui
357 266 427 303 ego
441 253 551 299 istuc,
566 252 750 298 Anthrax,
766 253 991 289 aliovorsum
1005 253 1184 300 dixeram,

133 318 174 356 N
177 331 226 356 on
259 318 358 355 istuc
389 318 490 366 quod
526 324 567 354 tu
600 317 805 354 insimulas,
862 317 920 354 St.
960 317 1037 354 Sed
1073 318 1186 356 herus

291 383 441 431 nuptias

88 443 128 474 10
146 442 258 479 Meus
278 443 390 480 hodie
411 443 533 480 faciet.
593 443 655 480 Co.
687 443 806 492 Cujus
826 444 931 480 ducit
951 443 1092 480 filiam?

145 507 203 543 St.
234 507 364 543 Vicini
384 508 493 556 hujus
514 508 711 544 Euclionis
731 520 750 543 e
770 520 964 556 proxumo.

146 568 196 607 Ei
217 571 310 607 adeo
330 571 478 607 obsonii
499 572 590 607 hinc
610 572 808 607 dimidium
825 572 935 620 jussit
955 571 1048 617 dari,

146 634 295 671 Cocum
316 635 486 681 alterum,
508 635 712 683 itidemque
734 636 885 671 alteram
905 635 1114 672 tibicinam.

149 698 213 735 Co.
242 698 392 748 Nempe
409 699 498 735 huic
514 699 712 735 dimidium
729 699 838 744 dicis,
856 699 1054 735 dimidium
1070 699 1198 736 domi?

87 767 128 799 15
146 762 204 799 St,
244 762 394 811 Nempe
431 763 529 798 sicut
566 763 672 799 dicis.
743 763 806 799 Co.
847 763 982 802 Quid?
1021 764 1083 800 hic
1121 775 1197 799 non

300 833 446 875 poterat
474 827 521 862 de
549 839 617 862 suo

145 891 272 928 Senex
290 891 464 927 obsonari
485 891 569 927 filiae
591 891 628 927 in
648 891 815 939 nuptiis?

144 955 204 992 St.
234 955 339 992 Vah!
400 955 462 991 Co.
491 955 600 994 Quid
620 956 763 1004 negotii
783 956 865 991 est?
920 955 978 992 St.
1008 955 1118 995 Quid
1137 968 1200 992 ne-

302 1019 395 1068 gotii
416 1019 463 1055 sit
483 1021 618 1068 rogas?

145 1084 291 1122 Pumex
309 1095 385 1118 non
406 1095 511 1130 aeque
531 1089 584 1119 est
607 1083 745 1127 aridus,
768 1090 877 1130 atque
897 1083 959 1119 hic
979 1091 1035 1120 est
1055 1095 1179 1121 senex,

151 1146 215 1183 Co.
254 1147 343 1182 Ain'
374 1147 526 1182 tandem
560 1147 610 1183 ita
642 1159 723 1182 esse
757 1154 797 1182 ut
825 1147 947 1183 dicis'?
1003 1147 1061 1185 St.
1095 1147 1198 1183 Tute

307 1210 501 1246 existuma.

89 1283 131 1316 20
148 1272 259 1313 Quin
296 1273 424 1309 divsim
462 1280 572 1320 atque
609 1274 805 1309 hominum
841 1274 978 1310 clamat
1016 1276 1199 1311 continuo

306 1336 431 1382 fidem,

149 1401 268 1438 Suam
286 1413 366 1437 rem
385 1401 553 1449 periisse,
574 1414 688 1449 seque
708 1402 945 1447 medicarier,

148 1464 209 1502 De
228 1477 298 1501 suo
317 1464 437 1514 tigillo
457 1465 580 1501 sumus
601 1465 631 1501 si
651 1478 723 1513 qua
743 1465 818 1501 exit
838 1466 947 1502 foras.

147 1528 257 1568 Quin
277 1541 364 1565 cum
385 1528 412 1565 it
432 1529 648 1574 dormitum,
671 1529 794 1565 follem
824 1529 895 1565 sibi
923 1530 1122 1579 obstringit
1148 1531 1198 1567 ob

305 1593 441 1642 gulam.

152 1654 217 1692 Co.
257 1655 362 1692 Cur?
427 1656 485 1692 Sc.
524 1656 586 1693 Ne
622 1656 712 1704 quid
750 1657 883 1693 animae
922 1657 1016 1694 forte
1051 1657 1197 1695 amittat

306 1720 507 1757 dormiens,

90 1791 134 1825 25
153 1782 216 1820 C‘o.
245 1782 421 1821 Etiamne
441 1785 590 1821 obturat
610 1784 825 1822 inferiorem
844 1791 1048 1835 gutturem,

149 1846 214 1885 Ne
231 1847 321 1896 quid
341 1847 475 1885 animae
495 1847 590 1885 forte
611 1848 755 1885 amittat
773 1849 988 1886 dormiens?

150 1910 210 1950 st.
239 1910 336 1953 Haec
354 1912 447 1951 mihi
466 1918 516 1960 te,
536 1918 578 1950 ut
595 1912 664 1951 tibi
683 1925 744 1952 me
763 1925 909 1963 aequom
928 1920 984 1952 est
1003 1912 1167 1952 credere.
