1277 2193
261 144 529 175 AMPmTRuo.
571 145 652 173 Αςτ.
675 144 713 173 11.
740 143 842 173 Scan.
866 143 891 172 l.
1126 135 1176 174 41

320 315 483 350 ACTUS
518 314 560 348 ΙΙ.
610 314 771 349 SCENA
804 313 830 348 L

358 439 618 475 ΑΜΡΗΙΤΜ-ο.
658 439 789 475 SOSIA.

103 567 188 605 Am.
228 567 317 603 Aca
348 567 359 603 i
389 574 427 603 tu
457 566 678 603 secundum.
736 566 798 603 So.
838 567 997 615 Sequor,
1018 566 1104 603 sub-

208 644 343 680 sequor
365 639 411 668 te.

51 697 136 733 Am.
168 697 485 733 Scelestissimum
503 704 538 732 te
557 696 725 732 arbitror.
774 695 836 732 So.
861 695 964 732 Nam
979 707 1106 744 quam-

208 762 336 797 obrem
354 762 363 797 ἶ

51 826 135 862 Am.
173 825 280 865 Quia
308 825 346 861 id
375 825 474 873 quod
495 837 618 872 neque
646 832 715 870 est,
736 837 859 873 neque
880 825 962 871 fuit,
983 837 1107 873 neque

209 890 375 926 futurum
395 897 464 935 est,

52 953 150 990 Mihi
170 954 364 1002 praedicas.
421 954 484 990 So,
524 953 682 999 Ecoere,
700 954 778 1002 jam
797 954 931 990 tuatim

54 1018 180 1063 Facis,
201 1026 241 1054 ut
261 1019 334 1054 tuis
354 1018 457 1054 nulla
477 1017 575 1066 apud
595 1026 631 1053 te
652 1018 699 1054 sit
719 1018 821 1055 fides.
1125 1017 1147 1047 5

54 1081 138 1117 Am.
176 1082 284 1120 Quid
313 1083 395 1117 est?
425 1094 499 1129 quo
529 1082 666 1117 modo?
691 1082 769 1130 jam
798 1082 951 1130 quidem
980 1082 1108 1119 hercle

211 1158 282 1194 ego
302 1146 370 1181 tibi
393 1145 501 1181 istam

56 1210 278 1255 seelestam,
296 1210 431 1255 scelus,
448 1210 616 1259 linguam
635 1210 865 1247 abscindam.
913 1211 975 1248 So.
997 1211 1109 1248 Tuus

213 1286 294 1310 sum
312 1287 318 1310 :

56 1338 220 1375 Proinde
251 1346 291 1374 ut
320 1338 562 1374 commodum
591 1345 647 1375 est
672 1345 709 1375 et
733 1339 850 1385 lubet,
872 1339 1039 1388 quidque
1058 1340 1111 1376 fa-

214 1403 312 1439 cias:

58 1466 220 1512 Tamen,
243 1468 332 1515 quin
352 1467 483 1515 loquar
503 1467 584 1503 luee
604 1468 659 1504 uti
680 1468 778 1504 facta
797 1476 884 1504 sunt
903 1468 980 1514 hie,

59 1530 264 1578 Nunquam
286 1531 362 1566 ullo
383 1531 494 1567 modo
516 1544 574 1567 me
594 1539 700 1580 potes
720 1532 920 1569 deterrere.
1129 1536 1170 1569 10

59 1595 144 1631 Am.
184 1594 474 1640 Scelestissime,
497 1595 611 1631 audes
633 1596 723 1632 mihi
743 1597 951 1644 prcedicare
971 1597 1022 1643 id,

61 1658 175 1695 Domi
208 1665 245 1695 te
279 1671 360 1695 esse
392 1672 507 1704 nune,
539 1659 602 1707 qui
635 1660 698 1696 hio
733 1661 819 1697 ades
832 1662 846 1696 ’ἶ
915 1661 977 1698 So.
1009 1662 1111 1699 Vera

217 1722 314 1759 dico.

61 1787 145 1823 Am.
186 1786 353 1823 Malum!
396 1787 497 1836 quod
528 1787 598 1824 tibi
631 1788 683 1824 dii
712 1788 867 1835 dabunt,
898 1797 1009 1839 atque
1040 1801 1112 1840 ego

219 1851 331 1888 hodie
351 1851 458 1888 dabo.

63 1915 125 1952 So.
163 1914 271 1952 Istuc,
288 1915 357 1952 tibi
378 1922 434 1952 est
454 1915 492 1952 in
512 1928 648 1953 manu:
678 1929 766 1954 nam
785 1923 873 1954 tuus
891 1929 985 1954 sum.

64 1978 150 2016 Am.
187 1979 289 2017 Tun'
312 1992 384 2026 me,
404 1980 573 2028 verbero,
596 1981 710 2018 audes
730 1981 863 2019 herum
882 1980 1096 2020 ludificariz
1131 1984 1172 2018 15

376 2044 400 2080 4
414 2043 435 2064 *b
