1277 2193
97 120 171 158 136
381 129 636 158 AULULARIA.
677 130 757 157 ACT.
781 129 833 156 [v.
862 129 961 157 sem.
981 129 1009 156 4.

173 226 232 263 St.
260 226 370 266 Quid
390 240 461 278 ego
478 229 644 277 ponam?
673 228 763 276 quin
783 235 824 264 tu
845 227 1022 276 eloquere
1043 227 1222 276 quicquid

329 299 398 338 est,
419 305 487 329 suo
507 292 672 329 nomine.

172 355 276 402 Non,
293 356 432 402 hercle,
450 357 623 404 equidem
645 356 846 405 quicquam
867 356 996 403 sumsi,
1013 368 1085 392 nec
1103 355 1222 405 tetigi.

328 420 406 456 Eu.
437 420 607 457 Ostende
626 421 701 457 huo
721 433 865 457 manus.

171 484 229 521 Sc.
261 483 360 521 Hem
376 484 465 521 tibi!
523 484 601 521 Eu.
629 484 809 521 Ostende.
867 484 924 521 St.
953 483 1087 521 Eccas.
1143 482 1221 520 Eu.

328 548 463 585 Video.
521 549 607 598 Age
627 548 783 585 ostende
803 548 916 584 etiam
937 548 1099 585 tertiam.

112 612 152 643 15
171 611 229 649 St.
269 612 398 649 Larvae
432 613 534 649 hunc
573 620 683 661 atque
721 612 953 661 intemperiae
991 611 1223 660 insaniaeque

327 677 470 726 agitant
497 689 637 713 senem.

170 740 333 777 Facisne
367 741 541 790 injuriam
575 740 680 785 mihi,
715 753 760 776 an
794 741 896 776 non?
951 739 1029 776 Eu.
1071 739 1221 786 Fateor,

326 804 414 852 quia
433 817 508 840 non
529 804 684 852 pendeS,
706 817 932 840 maxumam.

167 866 295 915 Atque
317 867 352 902 id
374 879 523 914 quoque
544 867 620 915 jam
640 866 715 912 fiet,
738 866 810 902 nisi
840 866 968 902 fatere.
1026 865 1084 902 St.
1113 865 1222 905 Quid

325 931 440 967 fatear
460 931 528 967 tibi
541 932 554 967 21

167 994 246 1031 Eu.
275 995 385 1034 Quid
415 995 599 1031 abstulisti
620 995 736 1031 hine?
792 994 851 1030 St.
882 994 933 1030 Di
962 1007 1022 1030 me
1049 993 1221 1043 perdant,

324 1059 354 1096 si
375 1072 446 1108 ego
465 1059 519 1095 tui
541 1059 741 1107 quicquam
764 1059 910 1095 abstuli.

168 1122 246 1159 Eu.
277 1123 377 1160 Nive
407 1123 499 1159 adeo
530 1123 728 1159 abstulisse
748 1123 892 1159 vellem.
949 1122 1141 1172 Agedum,
1162 1135 1223 1159 ex-

325 1188 502 1224 cutedum
523 1188 689 1234 pallium.

107 1256 149 1287 20
168 1251 226 1288 St.
253 1251 341 1287 Tuo
359 1251 548 1286 arbitratu.
605 1250 682 1285 En.
712 1250 772 1285 Ne
791 1249 886 1285 inter
902 1249 1051 1286 tunicas
1068 1250 1216 1287 habeas.

325 1315 382 1351 Sc.
413 1314 541 1350 Teuta
560 1327 632 1361 qua
653 1314 766 1349 lubet.

169 1380 246 1417 Ειι.
276 1379 374 1423 Vah,
395 1379 588 1423 scelestus,
611 1390 720 1425 quam
743 1377 926 1426 benigne!
958 1384 997 1413 ut
1022 1390 1071 1415 ne
1101 1379 1221 1415 abstu-

327 1443 414 1479 lisse
436 1442 661 1491 intellegam.

170 1507 272 1544 Novi
301 1506 574 1555 sycophantias.
632 1506 739 1554 Age!
770 1518 930 1551 rursum,
961 1506 1117 1543 ostende
1146 1507 1220 1543 huc

325 1582 477 1606 manum

169 1635 384 1671 Dextm-am.
441 1634 498 1670 St.
523 1633 643 1669 Hem!
667 1633 745 1669 Eu.
772 1632 1034 1669 Nunclaevam
1051 1634 1217 1670 ostende.

324 1698 381 1735 St.
410 1698 518 1736 Quin
539 1697 713 1744 equidem
735 1697 860 1732 ambas
880 1697 1038 1744 profero.

169 1762 246 1799 Eu.
277 1762 361 1797 Jam
378 1761 534 1797 scrutari
552 1761 669 1797 mitto.
727 1760 862 1796 Redde
883 1760 967 1797 hue.
1023 1761 1080 1797 St.
1110 1761 1219 1800 Quid

325 1825 505 1861 reddam?
560 1824 638 1860 Ειι.
668 1824 731 1859 Ah
752 1837 871 1872 nugas
892 1823 984 1871 agis,

109 1892 151 1923 25
171 1890 282 1927 Certe
298 1890 423 1925 habes,
476 1889 533 1925 St.
561 1888 695 1924 Habeo
711 1889 808 1937 ego?
834 1887 922 1935 quid
939 1887 1084 1924 habeo?
1137 1887 1216 1925 Eu.

325 1952 415 1989 Non
437 1952 545 1988 dico:
578 1952 706 1988 audire
726 1951 878 2001 expetis.
