1277 2193
40 135 97 174 40
329 143 599 172 AMPHl'rltUo.
643 143 723 171 Aer.
746 143 769 170 1.
798 143 897 170 scm.
919 143 946 170 3.

119 241 184 280 Ju.
222 242 372 293 Pergin’
397 244 547 280 autem?
576 254 703 279 nonne
722 254 794 291 ego
817 253 984 290 possum,
1005 240 1172 286 furcifer,

277 314 314 344 te
332 308 517 356 perdere?

120 371 186 409 Al.
224 371 317 409 Noli
339 372 484 418 amabo,
507 370 748 420 Amphitruo,
770 370 881 407 irasci
902 369 1020 406 Sosiae
1042 368 1174 405 caussa

279 437 376 473 mea.

120 500 185 537 Ju.
224 500 381 537 Faciam
410 501 462 537 ita
490 507 530 536 ut
558 500 624 537 vis.
680 499 753 536 Me.
792 499 851 535 Ex
881 511 1006 535 amore
1027 498 1089 534 hic
1115 497 1176 534 ad-

281 566 435 601 modum
456 578 568 613 quam
588 578 707 601 saevus
726 565 807 600 est?

122 629 187 666 Ju.
226 629 413 678 Nunquid
450 629 531 666 vis?
602 629 667 665 Al.
710 628 760 665 Ut
797 641 909 677 quom
947 627 1078 673 absim,
1116 639 1176 663 me

284 707 398 741 ames,
419 707 479 731 me
499 701 601 730 tuam
623 694 814 729 absentem
834 699 971 728 tamen.

65 762 106 794 45
125 757 199 796 Me.
239 759 395 805 Eamus,
417 759 667 807 Amphitruo:
698 757 850 794 lueiscit
870 757 942 792 hoc
966 756 1054 805 jam.
1110 755 1174 792 Ju.

285 824 361 860 Abi
381 836 470 872 prae,
492 822 623 859 Sosia:

127 887 214 925 Jam
246 900 318 938 ego
352 900 497 935 sequar.
565 886 749 934 Nunquid
780 886 861 923 vis?
926 885 990 921 Al.
1030 884 1175 921 Etiam:

285 959 327 989 ut
348 959 517 988 actutum
538 951 724 988 advenias,
779 950 843 986 Ju.
883 950 1003 987 Licet,

126 1017 237 1055 Prius
265 1017 332 1054 tufi
362 1016 541 1066 opinione
572 1015 634 1052 hio
665 1015 798 1052 adero:
837 1015 977 1050 bonum
1013 1013 1180 1050 animum

286 1081 394 1118 habe.

127 1147 246 1184 Nunc
274 1153 323 1192 te,
345 1158 432 1192 nox,
454 1158 536 1194 quae
565 1157 625 1181 me
653 1143 837 1189 mansisti,
858 1143 978 1188 mitto,
999 1149 1041 1178 ut
1070 1141 1181 1178 cedas

287 1210 360 1246 die.

128 1275 180 1312 Ut
199 1273 367 1310 mortalis
388 1272 590 1308 inlueiscas
610 1272 695 1307 luce
717 1270 819 1306 clar&
839 1276 875 1306 et
896 1269 1069 1306 candida.

72 1340 113 1371 50
132 1339 259 1387 Atque
278 1343 418 1386 quanto
438 1349 513 1372 nox
534 1335 635 1372 fuisti
656 1334 803 1384 longior
824 1334 894 1370 hac
913 1333 1110 1382 proxumfi,

131 1403 261 1440 Tanto
290 1401 436 1438 brevior
469 1400 549 1437 dies
579 1407 619 1435 ut
649 1399 711 1435 fiat
743 1398 892 1443 faciam,
914 1405 954 1434 ut
975 1410 1079 1445 aeque
1110 1396 1182 1432 dis-

292 1472 409 1515 paret,

135 1532 186 1570 Et
215 1531 295 1568 dies
325 1542 346 1567 e
378 1536 490 1566 nocte
524 1528 689 1565 accedat.
759 1527 840 1572 Ibo,
875 1533 912 1563 et
946 1525 1182 1562 Mercurium

293 1595 508 1642 subsequar.
