1277 2193
260 88 523 118 AULULARIA.
564 89 645 117 Ac‘r.
667 88 707 117 11.
734 88 835 117 scm.
858 88 882 116 1.
1102 78 1178 117 105

44 187 118 226 Me.
146 187 253 226 Num
270 201 346 225 non
362 188 417 225 vis
433 200 493 225 me
509 188 741 238 interrogare
756 188 819 225 te'?
875 186 953 223 Eu.
974 184 1099 223 Immo

200 253 230 289 si
251 253 339 301 quid
361 254 429 299 vis,
451 265 552 302 roga.

43 317 117 354 Me.
147 317 238 354 Post
258 318 420 354 mediam
441 324 602 363 aetatem,
624 316 688 365 qui
709 316 873 353 mediam
900 315 1006 352 ducit
1033 327 1099 352 ux-

201 394 305 418 orem
326 381 501 427 domum3
1112 383 1156 415 40

42 446 86 482 Si
106 458 187 483 eam
208 459 324 483 senex
344 459 456 482 anum
476 452 732 495 praegnantem
753 445 909 482 fortuitu
929 444 1074 491 fecerit,

40 509 151 550 Quid
171 510 333 556 dubitas,
350 510 440 558 quin
461 510 508 546 sit
523 517 693 559 paratum
715 522 854 546 nomen
872 522 990 559 puero
1009 509 1100 546 Pos-

199 576 351 611 tumus?

42 637 160 675 Nune
180 650 252 688 ego
273 639 399 685 istum,
421 651 538 684 soror,
559 639 726 675 laborem
747 639 909 685 demam,
929 645 966 676 et
991 637 1099 675 dimi-

201 714 314 739 nuam
335 701 415 738 tibi.

42 765 127 815 Ego
152 765 289 802 virtute
318 765 444 802 Deam
473 772 510 802 et
539 766 722 815 majorum
751 772 966 802 nostrorum
995 764 1099 802 dives

198 842 281 866 sum
301 830 403 866 satis.

41 892 137 929 Istas
157 905 312 943 magnas
334 893 529 939 factiones,
552 893 708 940 animos,
730 894 837 930 dotes
855 893 1031 943 dapsiles,
1113 901 1157 933 45

40 956 250 1002 Clamores,
272 957 443 1006 imperia,
472 958 628 994 eburata
654 957 844 1003 vehicula,
863 957 994 1006 pallas,
1013 969 1091 1007 pur

197 1033 343 1069 puram,

40 1083 150 1121 Nihil
179 1096 317 1131 moror,
339 1098 421 1133 quae
451 1086 489 1122 in
516 1085 734 1122 servitutem
763 1084 975 1134 sumptibus
1003 1084 1099 1122 redi-

200 1156 294 1199 gunt
313 1149 412 1185 viros

41 1212 119 1250 Eu.
150 1213 227 1250 Dio
255 1213 361 1259 mihi,
383 1225 522 1261 quaeso,
544 1214 628 1262 quis
656 1226 701 1250 ea
728 1220 797 1259 est,
817 1224 929 1262 quam
949 1212 1005 1250 vis
1031 1212 1099 1250 du·

198 1290 284 1315 cere
303 1279 485 1314 uxorem?
540 1278 614 1315 Me.
645 1278 823 1326 Eloquar.

41 1339 229 1378 Novistin’
249 1341 351 1378 hune
370 1354 500 1379 senem
516 1342 742 1379 Euclionem
762 1354 808 1379 ex
821 1342 993 1391 proximo
1009 1353 1098 1391 pau-

196 1406 418 1454 perculum‘?

43 1468 120 1505 Eu.
151 1468 266 1514 Novi,
284 1470 476 1506 hominem
492 1470 592 1506 haud
609 1471 747 1507 malum
768 1476 964 1507 mecastor.
1020 1469 1095 1507 Me.

200 1532 293 1582 Ejus
313 1534 425 1582 cupio
446 1534 561 1570 filiam
1113 1540 1155 1571 50

42 1596 241 1646 Virginem
280 1597 374 1633 mihi
411 1597 647 1646 desponderi.
717 1598 845 1635 Verba
881 1610 929 1634 ne
966 1597 1094 1645 facias,

201 1672 316 1696 soror.

44 1724 136 1761 Seio
152 1724 241 1772 quid
258 1724 406 1761 dictura
425 1737 485 1761 es:
516 1725 615 1761 hano
631 1738 712 1762 esse
726 1738 940 1774 pauperem.
998 1724 1095 1762 Haec

200 1800 341 1836 pauper
360 1789 494 1837 placet.

43 1850 121 1888 Eu.
149 1851 200 1888 Di
217 1852 312 1888 bene
325 1859 479 1889 vertant.
539 1852 609 1890 Me.
631 1852 737 1890 Idem
753 1865 823 1903 ego
839 1866 959 1902 spero.
1015 1852 1094 1890 Eu.

199 1915 329 1955 Quid!
361 1928 420 1952 me
441 1929 543 1953 nune
564 1917 655 1964 quid
675 1917 757 1953 vis?
812 1917 885 1954 Me.
917 1917 1013 1954 Vale
