1277 2193
281 138 549 168 AMPHITRUO.
590 138 670 167 Aer.
692 138 716 167 1.
744 138 844 167 SCEN.
868 139 891 165 1.
1129 131 1181 169 27

53 237 128 276 Me.
166 237 325 276 Possum
353 238 450 275 scire
479 249 553 286 quo
576 237 779 286 profectus,
801 237 935 288 quojus
954 236 1018 284 sis,
1039 241 1102 274 aut

212 303 301 352 quid
321 303 493 339 veneris?
1120 302 1181 334 190

53 367 115 405 So.
155 367 245 404 Huc
273 379 341 404 eo:
381 367 462 404 heri
492 367 566 403 mei
598 379 682 403 sum
710 378 848 404 servos.
915 365 1103 415 Nunquid

208 444 311 468 nunc
331 444 370 468 es
390 431 553 468 certior?

54 495 125 534 Me.
164 495 249 546 Ego
276 496 346 532 tibi
374 496 483 532 istam
504 495 616 532 hodie
636 495 833 532 scelestam
853 495 1102 545 comprimam

208 561 386 610 linguam.
442 560 505 596 So.
546 560 661 596 Haud
680 567 809 609 potes:

51 623 155 662 Bene
182 625 395 675 pudiceque
425 631 643 661 asservatur.
699 624 773 661 Me.
812 624 962 675 Pergin'
995 637 1101 675 argu-

205 689 345 726 tarier‘?

47 752 155 793 Quid
173 753 270 803 apud
286 753 398 790 hasce
415 753 506 790 aedis
521 752 665 803 negotii
681 759 736 789 est
751 752 847 790 tibi?
893 752 955 790 So.
976 752 1099 790 Immo

203 817 292 866 quid
312 817 456 853 tibi’st‘e

45 881 120 919 Me.
158 880 246 919 Rex
266 881 366 919 Creo
381 881 513 932 vigiles
532 888 741 918 nocturnos
760 881 932 932 singulos
950 893 1098 931 semper

203 946 314 983 locat.
1115 947 1176 979 195

44 1010 106 1048 So.
145 1010 252 1047 Bene
282 1010 395 1047 facit:
436 1010 525 1059 quia
555 1022 626 1047 nos
658 1023 807 1047 eramus
839 1023 1010 1062 peregre,
1041 1017 1098 1048 tu-

200 1075 351 1111 tatu’est
370 1074 522 1110 domum
538 1087 545 1110 :

42 1138 97 1175 At
115 1151 218 1175 nunc
239 1138 298 1174 abi
318 1150 420 1183 sane,
443 1138 637 1175 advenisse
658 1138 860 1175 familiares
880 1137 1009 1176 dicito.

41 1203 116 1240 Me.
154 1201 299 1239 Nescio
320 1215 431 1250 quam
451 1208 490 1238 tu
511 1202 704 1239 familiaris
723 1203 795 1239 sis:
825 1203 899 1240 nisi
926 1209 1093 1241 actutum

197 1267 287 1303 hinc
308 1266 398 1313 abis,

41 1331 254 1368 Familiaris
275 1331 462 1380 accipiere
481 1332 565 1368 faxo
586 1331 685 1368 haud
706 1332 950 1371 familiariter.

40 1395 104 1433 So.
143 1395 232 1441 Hic,
254 1395 420 1444 inquam,
443 1395 570 1432 habito
599 1408 682 1446 ego,
706 1403 815 1444 atque
843 1397 989 1434 horunc
1017 1411 1091 1435 ser-

195 1472 260 1496 vos
279 1473 372 1496 sum.
430 1460 503 1497 Me.
543 1460 596 1496 At
615 1461 707 1497 scin'
730 1461 946 1508 quomodo?
1107 1466 1168 1498 200

41 1524 197 1561 Faciam
226 1536 297 1573 ego
327 1524 438 1560 hodie
466 1531 502 1560 te
530 1525 745 1572 superbum,
775 1525 847 1561 nisi
877 1525 967 1562 hinc
996 1526 1085 1563 abis.

195 1588 258 1624 So.
295 1588 476 1627 Quonam
496 1588 636 1625 modo?

38 1652 112 1689 Me.
151 1651 349 1698 Auferere,
378 1664 454 1688 nou
485 1652 616 1699 abibis,
643 1653 672 1689 si
702 1665 773 1703 ego
802 1653 936 1690 fustem
964 1667 1087 1704 sump-

195 1729 288 1753 sero.

37 1780 100 1818 So.
136 1779 246 1820 Quin
266 1793 326 1817 me
345 1792 426 1817 esse
446 1780 555 1829 hujus
574 1781 724 1818 familiae
754 1782 974 1819 familiarem
993 1796 1084 1833 prae-

194 1845 292 1882 dico.

36 1909 110 1947 Me.
149 1909 314 1954 videsis,
335 1922 446 1957 quam
475 1921 562 1947 mox
588 1910 763 1961 vapulare
781 1910 849 1958 vis,
877 1911 951 1948 nisi
981 1917 1082 1949 actu-

192 1980 272 2011 tum
292 1973 381 2010 hinc
402 1972 504 2010 abis!
