<?xml version="1.0" encoding="UTF-8"?>
<!DOCTYPE html PUBLIC "-//W3C//DTD XHTML 1.0 Transitional//EN"
    "http://www.w3.org/TR/xhtml1/DTD/xhtml1-transitional.dtd">
<html xmlns="http://www.w3.org/1999/xhtml" xml:lang="en" lang="en">
 <head>
  <title>
</title>
<meta http-equiv="Content-Type" content="text/html;charset=utf-8" />
  <meta name='ocr-system' content='tesseract 3.04.00' />
  <meta name='ocr-capabilities' content='ocr_page ocr_carea ocr_par ocr_line ocrx_word'/>
</head>
<body>
  <div class='ocr_page' id='page_1' title='image "amphitruoetaulul00plauuoft_0152.png"; bbox 0 0 1277 2193; ppageno 0'>
   <div class='ocr_carea' id='block_1_1' title="bbox 101 124 1017 163">
    <p class='ocr_par' dir='ltr' id='par_1_1' title="bbox 101 124 1017 163">
     <span class='ocr_line' id='line_1_1' title="bbox 101 124 1017 163; baseline -0.004 0"><span class='ocrx_word' id='word_1_1' title='bbox 101 124 175 163; x_wconf 76' lang='lat'>142</span> <span class='ocrx_word' id='word_1_2' title='bbox 374 133 626 162; x_wconf 75' lang='lat' dir='ltr'>AULULARIA.</span> <span class='ocrx_word' id='word_1_3' title='bbox 668 134 747 161; x_wconf 66' lang='lat' dir='ltr'>Am.</span> <span class='ocrx_word' id='word_1_4' title='bbox 770 133 822 160; x_wconf 77' lang='grc' dir='ltr'>ιν.</span> <span class='ocrx_word' id='word_1_5' title='bbox 852 133 950 161; x_wconf 69' lang='lat' dir='ltr'>scm.</span> <span class='ocrx_word' id='word_1_6' title='bbox 974 130 1017 159; x_wconf 90' lang='lat'>10.</span> 
     </span>
    </p>
   </div>
   <div class='ocr_carea' id='block_1_2' title="bbox 116 230 1223 602">
    <p class='ocr_par' dir='ltr' id='par_1_2' title="bbox 116 230 1223 602">
     <span class='ocr_line' id='line_1_2' title="bbox 176 230 1223 282; baseline -0.004 -14"><span class='ocrx_word' id='word_1_7' title='bbox 176 231 304 280; x_wconf 86' lang='lat' dir='ltr'><strong>Atque</strong></span> <span class='ocrx_word' id='word_1_8' title='bbox 331 232 393 269; x_wconf 84' lang='lat' dir='ltr'>hic</span> <span class='ocrx_word' id='word_1_9' title='bbox 422 233 572 282; x_wconf 87' lang='lat' dir='ltr'>quidem</span> <span class='ocrx_word' id='word_1_10' title='bbox 602 232 739 269; x_wconf 82' lang='lat' dir='ltr'>Euclio</span> <span class='ocrx_word' id='word_1_11' title='bbox 767 239 834 269; x_wconf 78' lang='lat' dir='ltr'>est.</span> <span class='ocrx_word' id='word_1_12' title='bbox 891 231 972 276; x_wconf 86' lang='lat' dir='ltr'>Est,</span> <span class='ocrx_word' id='word_1_13' title='bbox 993 230 1139 279; x_wconf 89' lang='lat' dir='ltr'>opinor,</span> <span class='ocrx_word' id='word_1_14' title='bbox 1160 241 1223 277; x_wconf 90' lang='lat' dir='ltr'>op-</span> 
     </span>
     <span class='ocr_line' id='line_1_3' title="bbox 329 296 995 347; baseline -0.005 -14"><span class='ocrx_word' id='word_1_15' title='bbox 329 296 419 345; x_wconf 89' lang='lat' dir='ltr'>pido</span> <span class='ocrx_word' id='word_1_16' title='bbox 439 310 510 347; x_wconf 81' lang='lat' dir='ltr'>ego</span> <span class='ocrx_word' id='word_1_17' title='bbox 531 297 678 333; x_wconf 82' lang='lat' dir='ltr'>interii!</span> <span class='ocrx_word' id='word_1_18' title='bbox 709 297 831 345; x_wconf 81' lang='lat' dir='ltr'>palam</span> <span class='ocrx_word' id='word_1_19' title='bbox 851 302 907 332; x_wconf 85' lang='lat' dir='ltr'>est</span> <span class='ocrx_word' id='word_1_20' title='bbox 927 307 995 331; x_wconf 76' lang='lat' dir='ltr'>res,</span> 
     </span>
     <span class='ocr_line' id='line_1_4' title="bbox 176 359 1220 410; baseline -0.003 -13"><span class='ocrx_word' id='word_1_21' title='bbox 176 360 258 398; x_wconf 78' lang='lat' dir='ltr'>Scit</span> <span class='ocrx_word' id='word_1_22' title='bbox 284 360 471 409; x_wconf 82' lang='lat' dir='ltr'>peperisse</span> <span class='ocrx_word' id='word_1_23' title='bbox 498 361 587 410; x_wconf 81' lang='lat' dir='ltr'>jam,</span> <span class='ocrx_word' id='word_1_24' title='bbox 616 368 657 397; x_wconf 84' lang='lat' dir='ltr'>ut</span> <span class='ocrx_word' id='word_1_25' title='bbox 685 373 756 410; x_wconf 84' lang='lat' dir='ltr'>ego</span> <span class='ocrx_word' id='word_1_26' title='bbox 785 360 931 408; x_wconf 86' lang='lat' dir='ltr'>opinor,</span> <span class='ocrx_word' id='word_1_27' title='bbox 961 359 1075 402; x_wconf 82' lang='lat' dir='ltr'>filiam</span> <span class='ocrx_word' id='word_1_28' title='bbox 1104 370 1220 395; x_wconf 88' lang='lat' dir='ltr'>suam.</span> 
     </span>
     <span class='ocr_line' id='line_1_5' title="bbox 330 424 852 469; baseline 0 -9"><span class='ocrx_word' id='word_1_29' title='bbox 330 424 446 461; x_wconf 82' lang='lat' dir='ltr'>Nunc</span> <span class='ocrx_word' id='word_1_30' title='bbox 466 425 556 461; x_wconf 83' lang='lat' dir='ltr'>mihi</span> <span class='ocrx_word' id='word_1_31' title='bbox 578 425 764 461; x_wconf 83' lang='lat' dir='ltr'>incertum</span> <span class='ocrx_word' id='word_1_32' title='bbox 785 431 852 469; x_wconf 76' lang='lat' dir='ltr'>est,</span> 
     </span>
     <span class='ocr_line' id='line_1_6' title="bbox 116 486 1223 538; baseline 0 -16"><span class='ocrx_word' id='word_1_33' title='bbox 116 489 158 522; x_wconf 80' lang='lat'>20</span> <span class='ocrx_word' id='word_1_34' title='bbox 174 487 281 529; x_wconf 79' lang='lat' dir='ltr'>Quid</span> <span class='ocrx_word' id='word_1_35' title='bbox 298 500 415 538; x_wconf 82' lang='lat' dir='ltr'>agam.</span> <span class='ocrx_word' id='word_1_36' title='bbox 473 489 620 525; x_wconf 84' lang='lat' dir='ltr'>Abeam</span> <span class='ocrx_word' id='word_1_37' title='bbox 637 501 683 524; x_wconf 86' lang='lat' dir='ltr'>an</span> <span class='ocrx_word' id='word_1_38' title='bbox 698 488 895 524; x_wconf 63' lang='lat' dir='ltr'>maneam?</span> <span class='ocrx_word' id='word_1_39' title='bbox 927 499 971 523; x_wconf 84' lang='lat' dir='ltr'>an</span> <span class='ocrx_word' id='word_1_40' title='bbox 991 486 1146 523; x_wconf 66' lang='lat' dir='ltr'>adeam?</span> <span class='ocrx_word' id='word_1_41' title='bbox 1177 498 1223 522; x_wconf 86' lang='lat' dir='ltr'>an</span> 
     </span>
     <span class='ocr_line' id='line_1_7' title="bbox 331 550 1057 602; baseline -0.003 -14"><span class='ocrx_word' id='word_1_42' title='bbox 331 552 497 602; x_wconf 72' lang='lat' dir='ltr'>fugiam?</span> <span class='ocrx_word' id='word_1_43' title='bbox 526 552 616 601; x_wconf 85' lang='lat' dir='ltr'>quid</span> <span class='ocrx_word' id='word_1_44' title='bbox 638 565 742 602; x_wconf 83' lang='lat' dir='ltr'>agam</span> <span class='ocrx_word' id='word_1_45' title='bbox 765 551 896 600; x_wconf 83' lang='lat' dir='ltr'>edepol</span> <span class='ocrx_word' id='word_1_46' title='bbox 918 550 1057 590; x_wconf 83' lang='lat' dir='ltr'>nescio.</span> 
     </span>
    </p>
   </div>
   <div class='ocr_carea' id='block_1_3' title="bbox 581 750 818 785">
    <p class='ocr_par' dir='ltr' id='par_1_3' title="bbox 581 750 818 785">
     <span class='ocr_line' id='line_1_8' title="bbox 581 750 818 785; baseline -0.004 0"><span class='ocrx_word' id='word_1_47' title='bbox 581 750 742 785; x_wconf 81' lang='lat' dir='ltr'><strong>SCENA</strong></span> <span class='ocrx_word' id='word_1_48' title='bbox 774 751 818 784; x_wconf 90' lang='lat' dir='ltr'>X.</span> 
     </span>
    </p>
   </div>
   <div class='ocr_carea' id='block_1_4' title="bbox 476 873 922 911">
    <p class='ocr_par' dir='ltr' id='par_1_4' title="bbox 476 873 922 911">
     <span class='ocr_line' id='line_1_9' title="bbox 476 873 922 911; baseline -0.002 -1"><span class='ocrx_word' id='word_1_49' title='bbox 476 873 638 911; x_wconf 71' lang='lat' dir='ltr'>Eueno.</span> <span class='ocrx_word' id='word_1_50' title='bbox 678 874 922 910; x_wconf 65' lang='lat' dir='ltr'>chommzs.</span> 
     </span>
    </p>
   </div>
   <div class='ocr_carea' id='block_1_5' title="bbox 138 1001 1224 1932">
    <p class='ocr_par' dir='ltr' id='par_1_5' title="bbox 226 1001 1224 1175">
     <span class='ocr_line' id='line_1_10' title="bbox 226 1001 1222 1051; baseline -0.001 -12"><span class='ocrx_word' id='word_1_51' title='bbox 226 1001 303 1039; x_wconf 82' lang='lat' dir='ltr'>Eu.</span> <span class='ocrx_word' id='word_1_52' title='bbox 332 1001 437 1042; x_wconf 79' lang='lat' dir='ltr'>QUIS</span> <span class='ocrx_word' id='word_1_53' title='bbox 454 1001 567 1038; x_wconf 89' lang='lat' dir='ltr'>homo</span> <span class='ocrx_word' id='word_1_54' title='bbox 587 1001 649 1038; x_wconf 76' lang='lat' dir='ltr'>hie</span> <span class='ocrx_word' id='word_1_55' title='bbox 669 1002 861 1050; x_wconf 63' lang='lat' dir='ltr'>loquitur?</span> <span class='ocrx_word' id='word_1_56' title='bbox 918 1002 993 1050; x_wconf 93' lang='lat' dir='ltr'>Ly.</span> <span class='ocrx_word' id='word_1_57' title='bbox 1025 1001 1110 1051; x_wconf 86' lang='lat' dir='ltr'>Ego</span> <span class='ocrx_word' id='word_1_58' title='bbox 1129 1013 1222 1038; x_wconf 88' lang='lat' dir='ltr'>sum.</span> 
     </span>
     <span class='ocr_line' id='line_1_11' title="bbox 329 1065 1224 1115; baseline -0.001 -13"><span class='ocrx_word' id='word_1_59' title='bbox 329 1065 407 1102; x_wconf 83' lang='lat' dir='ltr'>Eu.</span> <span class='ocrx_word' id='word_1_60' title='bbox 438 1065 560 1102; x_wconf 88' lang='lat' dir='ltr'>Immo</span> <span class='ocrx_word' id='word_1_61' title='bbox 586 1078 656 1115; x_wconf 80' lang='lat' dir='ltr'>ego</span> <span class='ocrx_word' id='word_1_62' title='bbox 685 1078 767 1102; x_wconf 91' lang='lat' dir='ltr'>sum</span> <span class='ocrx_word' id='word_1_63' title='bbox 787 1065 914 1112; x_wconf 82' lang='lat' dir='ltr'>miser,</span> <span class='ocrx_word' id='word_1_64' title='bbox 935 1073 971 1102; x_wconf 86' lang='lat' dir='ltr'>et</span> <span class='ocrx_word' id='word_1_65' title='bbox 990 1065 1125 1102; x_wconf 85' lang='lat' dir='ltr'>misere</span> <span class='ocrx_word' id='word_1_66' title='bbox 1143 1077 1224 1115; x_wconf 88' lang='lat' dir='ltr'>per-</span> 
     </span>
     <span class='ocr_line' id='line_1_12' title="bbox 330 1130 442 1175; baseline 0 -9"><span class='ocrx_word' id='word_1_67' title='bbox 330 1130 442 1175; x_wconf 84' lang='lat' dir='ltr'>ditus,</span> 
     </span>
    </p>

    <p class='ocr_par' dir='ltr' id='par_1_6' title="bbox 176 1193 1223 1292">
     <span class='ocr_line' id='line_1_13' title="bbox 176 1193 1223 1241; baseline -0.002 -10"><span class='ocrx_word' id='word_1_68' title='bbox 176 1193 251 1231; x_wconf 91' lang='lat' dir='ltr'>Cui</span> <span class='ocrx_word' id='word_1_69' title='bbox 270 1200 373 1230; x_wconf 79' lang='lat' dir='ltr'>tanta</span> <span class='ocrx_word' id='word_1_70' title='bbox 393 1194 501 1239; x_wconf 83' lang='lat' dir='ltr'>mala,</span> <span class='ocrx_word' id='word_1_71' title='bbox 519 1194 810 1241; x_wconf 83' lang='lat' dir='ltr'>moestitudoque</span> <span class='ocrx_word' id='word_1_72' title='bbox 830 1193 976 1241; x_wconf 81' lang='lat' dir='ltr'>obtigit.</span> <span class='ocrx_word' id='word_1_73' title='bbox 1033 1194 1108 1241; x_wconf 89' lang='lat' dir='ltr'>Ly.</span> <span class='ocrx_word' id='word_1_74' title='bbox 1131 1193 1223 1229; x_wconf 86' lang='lat' dir='ltr'>Ani-</span> 
     </span>
     <span class='ocr_line' id='line_1_14' title="bbox 331 1258 581 1292; baseline 0 0"><span class='ocrx_word' id='word_1_75' title='bbox 331 1269 392 1292; x_wconf 91' lang='lat' dir='ltr'>mo</span> <span class='ocrx_word' id='word_1_76' title='bbox 413 1258 511 1292; x_wconf 89' lang='lat' dir='ltr'>bono</span> <span class='ocrx_word' id='word_1_77' title='bbox 531 1269 581 1292; x_wconf 87' lang='lat' dir='ltr'>es.</span> 
     </span>
    </p>

    <p class='ocr_par' dir='ltr' id='par_1_7' title="bbox 175 1319 1223 1431">
     <span class='ocr_line' id='line_1_15' title="bbox 175 1319 1223 1368; baseline 0 -11"><span class='ocrx_word' id='word_1_78' title='bbox 175 1320 253 1358; x_wconf 86' lang='lat' dir='ltr'>Eu.</span> <span class='ocrx_word' id='word_1_79' title='bbox 273 1320 366 1360; x_wconf 77' lang='lat' dir='ltr'>Quo</span> <span class='ocrx_word' id='word_1_80' title='bbox 382 1321 539 1356; x_wconf 81' lang='lat' dir='ltr'>obsecro</span> <span class='ocrx_word' id='word_1_81' title='bbox 554 1328 665 1368; x_wconf 83' lang='lat' dir='ltr'>paeto</span> <span class='ocrx_word' id='word_1_82' title='bbox 682 1332 762 1356; x_wconf 85' lang='lat' dir='ltr'>esse</span> <span class='ocrx_word' id='word_1_83' title='bbox 777 1332 928 1367; x_wconf 85' lang='lat' dir='ltr'>possum</span> <span class='ocrx_word' id='word_1_84' title='bbox 941 1321 956 1355; x_wconf 68' lang='lat'>⁴?</span> <span class='ocrx_word' id='word_1_85' title='bbox 1011 1320 1086 1368; x_wconf 91' lang='lat' dir='ltr'>Ly.</span> <span class='ocrx_word' id='word_1_86' title='bbox 1116 1319 1223 1359; x_wconf 76' lang='lat' dir='ltr'>Quia</span> 
     </span>
     <span class='ocr_line' id='line_1_16' title="bbox 331 1384 837 1431; baseline -0.006 -11"><span class='ocrx_word' id='word_1_87' title='bbox 331 1384 427 1420; x_wconf 78' lang='lat' dir='ltr'>istuc</span> <span class='ocrx_word' id='word_1_88' title='bbox 447 1384 593 1420; x_wconf 79' lang='lat' dir='ltr'>facinus</span> <span class='ocrx_word' id='word_1_89' title='bbox 613 1384 711 1431; x_wconf 89' lang='lat' dir='ltr'>quod</span> <span class='ocrx_word' id='word_1_90' title='bbox 732 1391 837 1418; x_wconf 80' lang='lat' dir='ltr'>tuum</span> 
     </span>
    </p>

    <p class='ocr_par' dir='ltr' id='par_1_8' title="bbox 177 1447 1219 1560">
     <span class='ocr_line' id='line_1_17' title="bbox 177 1447 1219 1495; baseline 0 -10"><span class='ocrx_word' id='word_1_91' title='bbox 177 1448 365 1484; x_wconf 82' lang='lat' dir='ltr'>Sollicitat</span> <span class='ocrx_word' id='word_1_92' title='bbox 395 1448 571 1492; x_wconf 85' lang='lat' dir='ltr'>animum,</span> <span class='ocrx_word' id='word_1_93' title='bbox 603 1447 638 1482; x_wconf 93' lang='lat' dir='ltr'>id</span> <span class='ocrx_word' id='word_1_94' title='bbox 673 1459 743 1495; x_wconf 79' lang='lat' dir='ltr'>ego</span> <span class='ocrx_word' id='word_1_95' title='bbox 777 1447 861 1490; x_wconf 81' lang='lat' dir='ltr'>feci,</span> <span class='ocrx_word' id='word_1_96' title='bbox 892 1454 925 1482; x_wconf 83' lang='lat' dir='ltr'>et</span> <span class='ocrx_word' id='word_1_97' title='bbox 958 1447 1085 1483; x_wconf 76' lang='lat' dir='ltr'>fateor.</span> <span class='ocrx_word' id='word_1_98' title='bbox 1141 1447 1219 1486; x_wconf 83' lang='lat' dir='ltr'>Eu.</span> 
     </span>
     <span class='ocr_line' id='line_1_18' title="bbox 328 1511 805 1560; baseline -0.006 -11"><span class='ocrx_word' id='word_1_99' title='bbox 328 1511 436 1550; x_wconf 76' lang='lat' dir='ltr'>Quid</span> <span class='ocrx_word' id='word_1_100' title='bbox 456 1524 527 1560; x_wconf 79' lang='lat' dir='ltr'>ego</span> <span class='ocrx_word' id='word_1_101' title='bbox 547 1523 591 1547; x_wconf 83' lang='lat' dir='ltr'>ex</span> <span class='ocrx_word' id='word_1_102' title='bbox 611 1518 646 1547; x_wconf 85' lang='lat' dir='ltr'>te</span> <span class='ocrx_word' id='word_1_103' title='bbox 668 1511 805 1547; x_wconf 71' lang='lat' dir='ltr'>audio?</span> 
     </span>
    </p>

    <p class='ocr_par' dir='ltr' id='par_1_9' title="bbox 138 1574 1218 1624">
     <span class='ocr_line' id='line_1_19' title="bbox 138 1574 1218 1624; baseline 0 -12"><span class='ocrx_word' id='word_1_104' title='bbox 138 1585 158 1615; x_wconf 90' lang='lat'>5</span> <span class='ocrx_word' id='word_1_105' title='bbox 176 1576 251 1624; x_wconf 91' lang='lat' dir='ltr'>Ly.</span> <span class='ocrx_word' id='word_1_106' title='bbox 281 1575 325 1611; x_wconf 92' lang='lat' dir='ltr'>Id</span> <span class='ocrx_word' id='word_1_107' title='bbox 346 1575 444 1623; x_wconf 90' lang='lat' dir='ltr'>quod</span> <span class='ocrx_word' id='word_1_108' title='bbox 467 1587 593 1611; x_wconf 82' lang='lat' dir='ltr'>verum</span> <span class='ocrx_word' id='word_1_109' title='bbox 614 1582 678 1611; x_wconf 84' lang='lat' dir='ltr'>est.</span> <span class='ocrx_word' id='word_1_110' title='bbox 735 1574 812 1610; x_wconf 69' lang='lat' dir='ltr'>Eu.</span> <span class='ocrx_word' id='word_1_111' title='bbox 842 1574 950 1613; x_wconf 71' lang='lat' dir='ltr'>Quid</span> <span class='ocrx_word' id='word_1_112' title='bbox 971 1587 1042 1624; x_wconf 79' lang='lat' dir='ltr'>ego</span> <span class='ocrx_word' id='word_1_113' title='bbox 1062 1576 1218 1621; x_wconf 82' lang='lat' dir='ltr'>emerui,</span> 
     </span>
    </p>

    <p class='ocr_par' dir='ltr' id='par_1_10' title="bbox 333 1639 684 1684">
     <span class='ocr_line' id='line_1_20' title="bbox 333 1639 684 1684; baseline -0.003 -9"><span class='ocrx_word' id='word_1_114' title='bbox 333 1639 562 1684; x_wconf 80' lang='lat' dir='ltr'>adolescens,</span> <span class='ocrx_word' id='word_1_115' title='bbox 584 1639 684 1683; x_wconf 78' lang='lat' dir='ltr'>mali,</span> 
     </span>
    </p>

    <p class='ocr_par' dir='ltr' id='par_1_11' title="bbox 174 1702 1220 1803">
     <span class='ocr_line' id='line_1_21' title="bbox 174 1702 1220 1751; baseline 0.001 -13"><span class='ocrx_word' id='word_1_116' title='bbox 174 1702 434 1743; x_wconf 79' lang='lat' dir='ltr'>Quamobrem</span> <span class='ocrx_word' id='word_1_117' title='bbox 452 1703 501 1738; x_wconf 81' lang='lat' dir='ltr'>ita</span> <span class='ocrx_word' id='word_1_118' title='bbox 522 1703 676 1748; x_wconf 76' lang='lat' dir='ltr'>faceres,</span> <span class='ocrx_word' id='word_1_119' title='bbox 693 1715 826 1750; x_wconf 83' lang='lat' dir='ltr'>meque</span> <span class='ocrx_word' id='word_1_120' title='bbox 841 1715 1019 1751; x_wconf 84' lang='lat' dir='ltr'>meosque</span> <span class='ocrx_word' id='word_1_121' title='bbox 1034 1703 1220 1751; x_wconf 84' lang='lat' dir='ltr'>perditum</span> 
     </span>
     <span class='ocr_line' id='line_1_22' title="bbox 331 1766 585 1803; baseline -0.004 -1"><span class='ocrx_word' id='word_1_122' title='bbox 331 1766 403 1803; x_wconf 87' lang='lat' dir='ltr'>ires</span> <span class='ocrx_word' id='word_1_123' title='bbox 422 1766 585 1802; x_wconf 67' lang='lat' dir='ltr'>liberos?</span> 
     </span>
    </p>

    <p class='ocr_par' dir='ltr' id='par_1_12' title="bbox 177 1829 1220 1932">
     <span class='ocr_line' id='line_1_23' title="bbox 177 1829 1220 1879; baseline -0.001 -11"><span class='ocrx_word' id='word_1_124' title='bbox 177 1829 251 1879; x_wconf 75' lang='lat' dir='ltr'>Ly.</span> <span class='ocrx_word' id='word_1_125' title='bbox 281 1829 385 1867; x_wconf 86' lang='lat' dir='ltr'>Deus</span> <span class='ocrx_word' id='word_1_126' title='bbox 415 1830 592 1878; x_wconf 85' lang='lat' dir='ltr'>impulsor</span> <span class='ocrx_word' id='word_1_127' title='bbox 612 1829 704 1865; x_wconf 87' lang='lat' dir='ltr'>mihi</span> <span class='ocrx_word' id='word_1_128' title='bbox 733 1829 815 1875; x_wconf 79' lang='lat' dir='ltr'>fuit,</span> <span class='ocrx_word' id='word_1_129' title='bbox 837 1830 868 1866; x_wconf 84' lang='lat' dir='ltr'>is</span> <span class='ocrx_word' id='word_1_130' title='bbox 896 1843 955 1867; x_wconf 89' lang='lat' dir='ltr'>me</span> <span class='ocrx_word' id='word_1_131' title='bbox 985 1831 1030 1867; x_wconf 84' lang='lat' dir='ltr'>ad</span> <span class='ocrx_word' id='word_1_132' title='bbox 1058 1830 1159 1867; x_wconf 85' lang='lat' dir='ltr'>illam</span> <span class='ocrx_word' id='word_1_133' title='bbox 1180 1830 1220 1867; x_wconf 86' lang='lat' dir='ltr'>il-</span> 
     </span>
     <span class='ocr_line' id='line_1_24' title="bbox 331 1892 844 1932; baseline -0.002 -2"><span class='ocrx_word' id='word_1_134' title='bbox 331 1893 430 1930; x_wconf 86' lang='lat' dir='ltr'>lexit.</span> <span class='ocrx_word' id='word_1_135' title='bbox 487 1892 563 1930; x_wconf 85' lang='lat' dir='ltr'>Eu.</span> <span class='ocrx_word' id='word_1_136' title='bbox 593 1892 686 1932; x_wconf 74' lang='lat' dir='ltr'>Quo</span> <span class='ocrx_word' id='word_1_137' title='bbox 706 1893 844 1929; x_wconf 69' lang='lat' dir='ltr'>modo?</span> 
     </span>
    </p>
   </div>
  </div>
 </body>
</html>
