1277 2193
58 95 109 134 82
400 108 667 138 AMPHITRUO.
708 109 908 138 supposm.

138 202 199 241 Ju.
234 205 295 241 Ob
322 206 419 244 istuc
447 207 644 256 indignum
672 208 822 255 dictum,
843 214 877 246 te
902 208 1079 246 obstricto
1097 208 1187 246 collo

294 271 364 308 lzac
384 273 579 322 arripiam.

137 333 225 371 Am.
263 334 326 371 Vae
357 336 487 373 misero
519 337 636 373 mihi!
704 337 765 374 Ju.
805 336 862 374 At
894 336 937 374 id
959 337 1187 387 praecavisse

293 401 468 448 oportuit.
525 401 611 437 Am.
642 401 848 450 Blepharo,
869 402 1060 451 suppetias
1085 401 1186 438 mihi.

77 461 119 493 25
138 462 194 499 Bl.
228 462 444 501 Cousimz’les
465 471 552 502 sunt
572 465 673 512 adeo,
693 471 735 502 ut
754 466 834 502 utri
856 466 981 512 assim,
1002 466 1187 502 nesciam:

292 529 413 565 rixam
432 534 565 576 tamen,

145 591 194 628 Ut
206 597 344 641 potest,
362 593 545 630 dirimam.
593 594 834 644 Amphitruo,
850 594 926 631 noli
945 595 1188 644 Amphitruo-

293 670 371 694 nem
391 657 510 694 duello
522 659 705 707 perdere;

138 720 288 770 Linque
309 722 450 768 collum,
465 735 611 771 precor.
668 723 691 759 J
696 736 729 760 u.
752 723 869 760 Hunc
890 729 930 760 tu
946 723 1189 773 Amphitruo-

293 798 370 822 nem
390 786 544 823 dictitas
559 789 575 822 ,7

138 847 195 885 Bl.
230 849 340 893 Quid
366 851 435 886 ui?
465 864 560 887 unus
590 851 699 892 olim;
737 865 833 888 nunc
861 865 945 888 vero
970 857 1105 901 partus
1133 857 1188 889 est

291 915 472 962 geminus.

137 976 243 1014 Dum
262 983 302 1015 tu
323 979 378 1015 vis
399 992 485 1026 esse,
506 980 601 1016 alter
621 993 760 1029 quoque
789 993 863 1017 esse
879 979 1014 1029 forma
1040 993 1111 1017 non
1130 980 1189 1018 de-

294 1043 397 1079 sinit.

80 1105 120 1136 30
137 1105 291 1144 Interea
316 1120 439 1157 quoeso
467 1109 595 1145 collum
624 1109 758 1158 linque.
815 1108 877 1146 Ju.
912 1109 1090 1159 Linquo:
1126 1108 1191 1146 sed

295 1172 355 1208 dic
375 1173 477 1218 mihi,
499 1173 690 1209 videturne
710 1174 780 1210 tibi

137 1235 233 1271 Istic.
261 1235 518 1284 Amphitruo?
588 1237 643 1272 Bl.
682 1237 841 1285 Uterque
874 1237 1028 1286 quidem.
1098 1237 1185 1274 Am.

294 1299 402 1335 Proh
422 1312 554 1336 summe
572 1300 778 1349 Juppiter!
808 1301 873 1337 ubi
891 1301 996 1338 hodie

137 1363 239 1400 Mihi
255 1362 423 1412 formam
452 1364 614 1400 adimis!
637 1377 758 1413 pergo
778 1378 964 1414 qucerere:
993 1371 1079 1402 tune
1097 1365 1188 1402 Am-

288 1429 444 1477 phitruo
457 1431 474 1464 ?
531 1428 553 1465 J
558 1442 591 1465 u.
632 1429 689 1464 Τιι
710 1442 824 1477 negas
838 1432 854 1465 ?

138 1491 225 1529 Am.
254 1492 444 1540 Pernego,
484 1493 632 1541 quando
667 1493 814 1539 Thebis,
840 1499 984 1542 praeter
1023 1507 1089 1540 me,
1127 1507 1187 1532 ne-

294 1570 348 1593 mo
369 1558 415 1592 ’st
437 1557 531 1593 alter
550 1556 787 1605 Amphitruo.

137 1620 161 1656 J
166 1633 199 1657 u.
229 1620 355 1666 Immo,
371 1626 513 1670 praeter
540 1634 604 1666 me,
625 1634 747 1662 71emo‚·
777 1627 887 1670 atque
907 1621 1008 1668 adeo,
1029 1627 1069 1658 tu
1098 1622 1186 1660 Ble-

288 1684 552 1733 plzaro,j1cdez
571 1685 653 1722 sies.

79 1755 120 1786 35
139 1747 194 1785 Blss
224 1748 384 1784 Faciam
412 1748 464 1794 id,
494 1749 528 1785 si
555 1762 657 1797 queo,
686 1749 807 1798 signis
834 1750 976 1798 palam.
1040 1749 1098 1786 Tu
1130 1763 1185 1787 re·

295 1812 430 1861 sponde
448 1813 566 1862 prius.
624 1813 712 1850 Am.
743 1813 906 1850 Lubens.

138 1875 195 1914 Bl.
224 1875 437 1925 Antequam
465 1890 543 1913 eum
571 1877 731 1926 Taphiz’s
752 1891 775 1914 a
795 1883 828 1915 te
846 1890 984 1927 pugna
1002 1878 1052 1915 sit
1071 1878 1183 1926 inita,

294 1940 386 1990 quid
403 1940 591 1977 manddsti
610 1941 727 1978 mihi?
