1277 2193
85 116 158 155 144
359 122 610 152 AULULARIA.
652 123 731 150 AcT.
754 123 806 151 ιν.
840 123 938 152 Sem.
962 123 1006 151 10.

159 221 238 259 Eu.
270 222 362 259 Non
398 222 492 258 mihi
529 222 701 258 homines
737 222 900 270 placent,
939 222 1017 271 qui,
1055 221 1208 270 quando

316 287 414 323 male
434 288 617 332 fecerunt,
637 287 839 335 purgitant.

159 349 223 387 Tu
256 350 357 387 illam
385 352 510 388 scibas
538 363 614 387 non
643 358 745 386 tuam
774 363 879 387 esse:
920 363 996 386 non
1031 356 1206 387 attactam

316 415 490 464 oportuit.

101 485 143 517 25
161 478 237 528 Ly.
267 478 370 528 Ergo
398 479 486 527 quia
514 492 597 515 sum
625 484 781 529 tangere
811 491 936 525 ausus,
958 478 1058 515 haud
1087 477 1209 515 causi·

314 542 405 578 fioor
425 542 515 590 quin
535 554 617 578 eam
1091 582 1101 593 ,

161 605 245 656 Ego
265 605 421 643 habeam
440 607 701 655 potissumum.
756 606 835 642 Eu.
865 605 967 642 Tun'
990 606 1128 642 habeas
1148 617 1208 642 me

316 670 433 706 invito
453 672 601 706 meam?

160 734 237 783 Ly.
275 734 389 772 Haud
426 741 462 770 te
499 734 616 770 invito
651 734 824 782 postulo:
865 734 930 770 sed
966 746 1089 770 meam
1126 745 1208 770 esse

315 805 486 846 oportere
507 799 675 834 arbitror.

159 861 268 901 Quin
295 868 336 899 tu
363 874 445 898 eam
475 862 654 907 invenies,
676 861 842 909 inquam,
863 874 984 898 meam
1005 861 1106 897 illam
1126 873 1208 898 esse

315 932 498 974 oportere,
520 925 667 962 Euclio.

159 989 238 1027 Eu.
267 989 356 1027 Nisi
384 990 509 1026 refers.
584 990 659 1038 Ly.
689 989 797 1029 Quid
826 989 893 1025 tibi
923 1001 993 1038 ego
1021 989 1208 1026 reseram?

316 1053 394 1091 Ειι.
422 1053 540 1093 Quod
560 1053 772 1101 surripuisti
792 1065 929 1089 meum.

103 1123 143 1155 30
161 1118 247 1156 Jam
274 1118 425 1168 quidem
458 1118 584 1154 hercle
616 1125 652 1154 te
688 1118 732 1153 ad
760 1125 956 1166 praetorem
988 1117 1142 1166 rapiam,
1171 1123 1209 1154 et

314 1183 384 1219 tibi
403 1183 564 1219 scribam
585 1182 720 1218 dicam.

161 1247 237 1296 Ly.
268 1246 439 1294 Surripio
459 1258 529 1295 ego
550 1247 683 1281 tuum?
712 1245 838 1281 unde?
869 1252 931 1281 aut
950 1244 1040 1292 quid
1061 1245 1098 1281 id
1124 1245 1208 1281 est?

315 1309 395 1347 Ea.
423 1309 481 1346 Ita
500 1316 536 1345 te
558 1309 694 1345 amabit
714 1308 901 1356 Juppiter‚

160 1374 213 1413 Ut
238 1380 281 1412 tu
307 1373 457 1411 nescis?
511 1373 586 1422 Ly.
616 1372 704 1408 Nisi
733 1372 884 1420 quidem
912 1379 951 1407 tu
981 1372 1086 1418 mihi,
1116 1372 1207 1421 quid

316 1450 471 1486 quaeras,
493 1437 641 1473 dixeris.

161 1503 241 1541 Eu.
271 1502 408 1539 Aulam
438 1502 530 1548 auri,
560 1501 727 1549 inquam,
755 1507 791 1537 te
822 1513 992 1548 reposco,
1022 1513 1134 1548 quam
1165 1507 1206 1537 tu

317 1566 511 1604 confessus
531 1566 622 1602 mihi

161 1630 225 1668 Te
244 1631 448 1668 abstulisse.
506 1630 581 1679 Ly.
611 1629 746 1677 Neque
775 1629 905 1677 edepol
935 1641 1006 1678 ego
1033 1628 1123 1675 dixi,
1143 1641 1206 1665 ne-

318 1707 390 1744 que
410 1694 493 1732 feci.
549 1694 626 1730 Ειι.
656 1693 811 1743 Negas?

104 1762 146 1797 35
163 1759 239 1810 Ly.
259 1759 430 1808 Pernego
458 1758 572 1794 immo
586 1770 606 1800 ε,
624 1770 711 1794 nam
738 1769 860 1805 neque
888 1769 958 1806 ego
979 1769 1122 1802 aurum,
1142 1767 1205 1793 ne-

317 1835 389 1871 que
409 1823 511 1859 istaeo
532 1822 615 1858 aula
635 1834 716 1869 quae
736 1821 818 1867 siet,

164 1886 270 1936 Soio,
284 1898 357 1925 neo
370 1886 467 1923 novi.
528 1885 601 1922 Eu.
631 1885 752 1931 Illam,
768 1897 813 1921 ex
828 1884 971 1922 Silvani
990 1884 1079 1922 luco
1092 1895 1205 1933 quarn

318 1950 534 1995 abstuleras,
555 1949 661 1986 cedo.
