<?xml version="1.0" encoding="UTF-8"?>
<!DOCTYPE html PUBLIC "-//W3C//DTD XHTML 1.0 Transitional//EN"
    "http://www.w3.org/TR/xhtml1/DTD/xhtml1-transitional.dtd">
<html xmlns="http://www.w3.org/1999/xhtml" xml:lang="en" lang="en">
 <head>
  <title>
</title>
<meta http-equiv="Content-Type" content="text/html;charset=utf-8" />
  <meta name='ocr-system' content='tesseract 3.04.00' />
  <meta name='ocr-capabilities' content='ocr_page ocr_carea ocr_par ocr_line ocrx_word'/>
</head>
<body>
  <div class='ocr_page' id='page_1' title='image "amphitruoetaulul00plauuoft_0097.png"; bbox 0 0 1277 2193; ppageno 0'>
   <div class='ocr_carea' id='block_1_1' title="bbox 293 83 1206 121">
    <p class='ocr_par' dir='ltr' id='par_1_1' title="bbox 293 83 1206 121">
     <span class='ocr_line' id='line_1_1' title="bbox 293 83 1206 121; baseline 0 -1"><span class='ocrx_word' id='word_1_1' title='bbox 293 90 563 121; x_wconf 79' lang='lat' dir='ltr'>AMPHITRUO.</span> <span class='ocrx_word' id='word_1_2' title='bbox 603 92 685 120; x_wconf 64' lang='lat' dir='ltr'>Aer.</span> <span class='ocrx_word' id='word_1_3' title='bbox 709 91 744 121; x_wconf 90' lang='lat' dir='ltr'>v.</span> <span class='ocrx_word' id='word_1_4' title='bbox 775 92 876 121; x_wconf 66' lang='lat' dir='ltr'>scm.</span> <span class='ocrx_word' id='word_1_5' title='bbox 901 92 924 120; x_wconf 93' lang='lat'>1.</span> <span class='ocrx_word' id='word_1_6' title='bbox 1157 83 1206 120; x_wconf 83' lang='lat'>91</span> 
     </span>
    </p>
   </div>
   <div class='ocr_carea' id='block_1_2' title="bbox 64 188 1187 1771">
    <p class='ocr_par' dir='ltr' id='par_1_2' title="bbox 77 188 1187 304">
     <span class='ocr_line' id='line_1_2' title="bbox 77 188 1128 228; baseline -0.002 -2"><span class='ocrx_word' id='word_1_7' title='bbox 77 188 161 226; x_wconf 88' lang='lat' dir='ltr'>Am.</span> <span class='ocrx_word' id='word_1_8' title='bbox 192 188 294 227; x_wconf 88' lang='lat' dir='ltr'>Mira</span> <span class='ocrx_word' id='word_1_9' title='bbox 309 203 517 227; x_wconf 78' lang='lat' dir='ltr'>memoras:</span> <span class='ocrx_word' id='word_1_10' title='bbox 548 190 661 227; x_wconf 86' lang='lat' dir='ltr'>nimis</span> <span class='ocrx_word' id='word_1_11' title='bbox 678 190 963 228; x_wconf 87' lang='lat' dir='ltr'>formidolosum</span> <span class='ocrx_word' id='word_1_12' title='bbox 980 189 1128 227; x_wconf 82' lang='lat' dir='ltr'>facinus</span> 
     </span>
     <span class='ocr_line' id='line_1_3' title="bbox 231 255 1187 304; baseline 0.002 -13"><span class='ocrx_word' id='word_1_13' title='bbox 231 255 425 304; x_wconf 77' lang='lat' dir='ltr'>praedicas.</span> <span class='ocrx_word' id='word_1_14' title='bbox 1145 262 1187 295; x_wconf 89' lang='grc'>65</span> 
     </span>
    </p>

    <p class='ocr_par' dir='ltr' id='par_1_3' title="bbox 74 317 1128 369">
     <span class='ocr_line' id='line_1_4' title="bbox 74 317 1128 369; baseline 0 -13"><span class='ocrx_word' id='word_1_15' title='bbox 74 317 177 356; x_wconf 91' lang='lat' dir='ltr'>Nam</span> <span class='ocrx_word' id='word_1_16' title='bbox 205 320 299 356; x_wconf 82' lang='lat' dir='ltr'>mihi</span> <span class='ocrx_word' id='word_1_17' title='bbox 327 319 458 356; x_wconf 87' lang='lat' dir='ltr'>horror</span> <span class='ocrx_word' id='word_1_18' title='bbox 487 320 655 356; x_wconf 84' lang='lat' dir='ltr'>membra</span> <span class='ocrx_word' id='word_1_19' title='bbox 675 319 812 356; x_wconf 82' lang='lat' dir='ltr'>misero</span> <span class='ocrx_word' id='word_1_20' title='bbox 831 319 994 369; x_wconf 87' lang='lat' dir='ltr'>percipit</span> <span class='ocrx_word' id='word_1_21' title='bbox 1013 319 1128 356; x_wconf 80' lang='lat' dir='ltr'>dictis</span> 
     </span>
    </p>

    <p class='ocr_par' dir='ltr' id='par_1_4' title="bbox 134 384 315 428">
     <span class='ocr_line' id='line_1_5' title="bbox 134 384 315 428; baseline 0 -7"><span class='ocrx_word' id='word_1_22' title='bbox 134 420 142 428; x_wconf 78' lang='grc'>,</span> <span class='ocrx_word' id='word_1_23' title='bbox 231 384 315 421; x_wconf 84' lang='lat' dir='ltr'>tuis.</span> 
     </span>
    </p>

    <p class='ocr_par' dir='ltr' id='par_1_5' title="bbox 70 448 1127 564">
     <span class='ocr_line' id='line_1_6' title="bbox 70 448 1127 498; baseline -0.002 -11"><span class='ocrx_word' id='word_1_24' title='bbox 70 448 181 489; x_wconf 81' lang='lat' dir='ltr'>Quid</span> <span class='ocrx_word' id='word_1_25' title='bbox 200 449 240 486; x_wconf 89' lang='lat' dir='ltr'>fit</span> <span class='ocrx_word' id='word_1_26' title='bbox 256 449 421 486; x_wconf 79' lang='lat' dir='ltr'>deinde?</span> <span class='ocrx_word' id='word_1_27' title='bbox 449 461 561 498; x_wconf 87' lang='lat' dir='ltr'>porro</span> <span class='ocrx_word' id='word_1_28' title='bbox 582 449 747 497; x_wconf 86' lang='lat' dir='ltr'>loquere.</span> <span class='ocrx_word' id='word_1_29' title='bbox 799 449 872 485; x_wconf 68' lang='grc' dir='ltr'>ΒΓ.</span> <span class='ocrx_word' id='word_1_30' title='bbox 895 448 994 485; x_wconf 85' lang='lat' dir='ltr'>Puer</span> <span class='ocrx_word' id='word_1_31' title='bbox 1016 448 1127 485; x_wconf 86' lang='lat' dir='ltr'>ambo</span> 
     </span>
     <span class='ocr_line' id='line_1_7' title="bbox 231 514 530 564; baseline 0 -14"><span class='ocrx_word' id='word_1_32' title='bbox 231 526 374 564; x_wconf 83' lang='lat' dir='ltr'>angues</span> <span class='ocrx_word' id='word_1_33' title='bbox 393 514 530 550; x_wconf 86' lang='lat' dir='ltr'>enicat.</span> 
     </span>
    </p>

    <p class='ocr_par' dir='ltr' id='par_1_6' title="bbox 71 576 1126 679">
     <span class='ocr_line' id='line_1_8' title="bbox 71 576 1126 628; baseline -0.001 -14"><span class='ocrx_word' id='word_1_34' title='bbox 71 576 175 615; x_wconf 89' lang='lat' dir='ltr'>Dum</span> <span class='ocrx_word' id='word_1_35' title='bbox 202 578 285 614; x_wconf 84' lang='lat' dir='ltr'>haec</span> <span class='ocrx_word' id='word_1_36' title='bbox 316 585 490 628; x_wconf 84' lang='lat' dir='ltr'>aguntur,</span> <span class='ocrx_word' id='word_1_37' title='bbox 510 590 603 615; x_wconf 89' lang='lat' dir='ltr'>voce</span> <span class='ocrx_word' id='word_1_38' title='bbox 634 577 735 614; x_wconf 54' lang='lat' dir='ltr'>clara</span> <span class='ocrx_word' id='word_1_39' title='bbox 765 577 949 614; x_wconf 80' lang='lat' dir='ltr'>exclamat</span> <span class='ocrx_word' id='word_1_40' title='bbox 969 590 1126 614; x_wconf 85' lang='lat' dir='ltr'>uxorem</span> 
     </span>
     <span class='ocr_line' id='line_1_9' title="bbox 226 649 341 679; baseline 0 0"><span class='ocrx_word' id='word_1_41' title='bbox 226 649 341 679; x_wconf 84' lang='lat' dir='ltr'><strong>tuam.</strong></span> 
     </span>
    </p>

    <p class='ocr_par' dir='ltr' id='par_1_7' title="bbox 68 706 1125 820">
     <span class='ocr_line' id='line_1_10' title="bbox 68 706 1125 755; baseline -0.002 -11"><span class='ocrx_word' id='word_1_42' title='bbox 68 706 156 744; x_wconf 87' lang='lat' dir='ltr'>Am.</span> <span class='ocrx_word' id='word_1_43' title='bbox 175 706 278 746; x_wconf 79' lang='lat' dir='ltr'>Quis</span> <span class='ocrx_word' id='word_1_44' title='bbox 294 707 433 744; x_wconf 71' lang='lat' dir='ltr'>homo?</span> <span class='ocrx_word' id='word_1_45' title='bbox 487 707 561 743; x_wconf 90' lang='lat' dir='ltr'>Br.</span> <span class='ocrx_word' id='word_1_46' title='bbox 584 708 763 744; x_wconf 86' lang='lat' dir='ltr'>Summus</span> <span class='ocrx_word' id='word_1_47' title='bbox 780 707 980 755; x_wconf 84' lang='lat' dir='ltr'>imperator</span> <span class='ocrx_word' id='word_1_48' title='bbox 997 706 1125 742; x_wconf 88' lang='lat' dir='ltr'>divum</span> 
     </span>
     <span class='ocr_line' id='line_1_11' title="bbox 228 771 761 820; baseline 0 -12"><span class='ocrx_word' id='word_1_49' title='bbox 228 778 338 820; x_wconf 87' lang='lat' dir='ltr'>atque</span> <span class='ocrx_word' id='word_1_50' title='bbox 358 771 554 808; x_wconf 88' lang='lat' dir='ltr'>hominum</span> <span class='ocrx_word' id='word_1_51' title='bbox 575 771 761 820; x_wconf 82' lang='lat' dir='ltr'>Juppiter.</span> 
     </span>
    </p>

    <p class='ocr_par' dir='ltr' id='par_1_8' title="bbox 67 833 1181 946">
     <span class='ocr_line' id='line_1_12' title="bbox 67 833 1124 873; baseline -0.001 -1"><span class='ocrx_word' id='word_1_52' title='bbox 67 833 106 872; x_wconf 89' lang='lat' dir='ltr'>Is</span> <span class='ocrx_word' id='word_1_53' title='bbox 125 847 164 873; x_wconf 86' lang='lat' dir='ltr'>se</span> <span class='ocrx_word' id='word_1_54' title='bbox 184 836 278 872; x_wconf 82' lang='lat' dir='ltr'>dixit</span> <span class='ocrx_word' id='word_1_55' title='bbox 297 848 384 873; x_wconf 87' lang='lat' dir='ltr'>cum</span> <span class='ocrx_word' id='word_1_56' title='bbox 404 836 620 872; x_wconf 56' lang='lat' dir='ltr'>Alcumena</span> <span class='ocrx_word' id='word_1_57' title='bbox 647 836 743 872; x_wconf 86' lang='lat' dir='ltr'>clam</span> <span class='ocrx_word' id='word_1_58' title='bbox 770 842 991 872; x_wconf 84' lang='lat' dir='ltr'>consuetum</span> <span class='ocrx_word' id='word_1_59' title='bbox 1019 834 1124 872; x_wconf 87' lang='lat' dir='ltr'>cubi-</span> 
     </span>
     <span class='ocr_line' id='line_1_13' title="bbox 225 900 1181 946; baseline -0.003 -9"><span class='ocrx_word' id='word_1_60' title='bbox 225 900 339 946; x_wconf 82' lang='lat' dir='ltr'>libus,</span> <span class='ocrx_word' id='word_1_61' title='bbox 1141 903 1181 934; x_wconf 88' lang='grc'>70</span> 
     </span>
    </p>

    <p class='ocr_par' dir='ltr' id='par_1_9' title="bbox 67 961 1120 1014">
     <span class='ocr_line' id='line_1_14' title="bbox 67 961 1120 1014; baseline -0.001 -13"><span class='ocrx_word' id='word_1_62' title='bbox 67 961 244 1013; x_wconf 83' lang='lat' dir='ltr'>Eumque</span> <span class='ocrx_word' id='word_1_63' title='bbox 263 965 382 1001; x_wconf 90' lang='lat' dir='ltr'>filium</span> <span class='ocrx_word' id='word_1_64' title='bbox 402 977 511 1001; x_wconf 84' lang='lat' dir='ltr'><strong>suum</strong></span> <span class='ocrx_word' id='word_1_65' title='bbox 528 977 610 1001; x_wconf 84' lang='lat' dir='ltr'>esse</span> <span class='ocrx_word' id='word_1_66' title='bbox 629 964 693 1013; x_wconf 90' lang='lat' dir='ltr'>qui</span> <span class='ocrx_word' id='word_1_67' title='bbox 710 965 794 1001; x_wconf 88' lang='lat' dir='ltr'>illos</span> <span class='ocrx_word' id='word_1_68' title='bbox 811 977 953 1014; x_wconf 84' lang='lat' dir='ltr'>angues</span> <span class='ocrx_word' id='word_1_69' title='bbox 968 963 1120 1000; x_wconf 85' lang='lat' dir='ltr'>vicerit:</span> 
     </span>
    </p>

    <p class='ocr_par' dir='ltr' id='par_1_10' title="bbox 68 1028 1122 1141">
     <span class='ocr_line' id='line_1_15' title="bbox 68 1028 1122 1077; baseline 0 -12"><span class='ocrx_word' id='word_1_70' title='bbox 68 1028 243 1065; x_wconf 80' lang='lat' dir='ltr'>Alterum</span> <span class='ocrx_word' id='word_1_71' title='bbox 262 1038 370 1065; x_wconf 84' lang='lat' dir='ltr'><strong>tuum</strong></span> <span class='ocrx_word' id='word_1_72' title='bbox 397 1041 480 1065; x_wconf 82' lang='lat' dir='ltr'>esse</span> <span class='ocrx_word' id='word_1_73' title='bbox 509 1028 603 1064; x_wconf 85' lang='lat' dir='ltr'>dixit</span> <span class='ocrx_word' id='word_1_74' title='bbox 621 1040 790 1077; x_wconf 87' lang='lat' dir='ltr'>puerum.</span> <span class='ocrx_word' id='word_1_75' title='bbox 847 1028 934 1065; x_wconf 83' lang='lat' dir='ltr'>Am.</span> <span class='ocrx_word' id='word_1_76' title='bbox 963 1028 1032 1064; x_wconf 92' lang='lat' dir='ltr'>Pol</span> <span class='ocrx_word' id='word_1_77' title='bbox 1061 1040 1122 1065; x_wconf 88' lang='lat' dir='ltr'>me</span> 
     </span>
     <span class='ocr_line' id='line_1_16' title="bbox 225 1092 514 1141; baseline -0.003 -12"><span class='ocrx_word' id='word_1_78' title='bbox 225 1092 325 1129; x_wconf 87' lang='lat' dir='ltr'>haud</span> <span class='ocrx_word' id='word_1_79' title='bbox 344 1092 514 1141; x_wconf 80' lang='lat' dir='ltr'>poenitet,</span> 
     </span>
    </p>

    <p class='ocr_par' dir='ltr' id='par_1_11' title="bbox 66 1155 1088 1194">
     <span class='ocr_line' id='line_1_17' title="bbox 66 1155 1088 1194; baseline -0.001 -1"><span class='ocrx_word' id='word_1_80' title='bbox 66 1156 227 1194; x_wconf 81' lang='lat' dir='ltr'>Scilicet</span> <span class='ocrx_word' id='word_1_81' title='bbox 246 1157 336 1193; x_wconf 91' lang='lat' dir='ltr'>boni</span> <span class='ocrx_word' id='word_1_82' title='bbox 356 1157 554 1193; x_wconf 85' lang='lat' dir='ltr'>dimidium</span> <span class='ocrx_word' id='word_1_83' title='bbox 575 1156 668 1193; x_wconf 91' lang='lat' dir='ltr'>mihi</span> <span class='ocrx_word' id='word_1_84' title='bbox 688 1156 854 1193; x_wconf 83' lang='lat' dir='ltr'>dividere</span> <span class='ocrx_word' id='word_1_85' title='bbox 874 1169 962 1192; x_wconf 89' lang='lat' dir='ltr'>cum</span> <span class='ocrx_word' id='word_1_86' title='bbox 982 1155 1088 1193; x_wconf 86' lang='lat' dir='ltr'><strong>Jove.</strong></span> 
     </span>
    </p>

    <p class='ocr_par' dir='ltr' id='par_1_12' title="bbox 66 1220 1120 1332">
     <span class='ocr_line' id='line_1_18' title="bbox 66 1220 1120 1270; baseline -0.002 -12"><span class='ocrx_word' id='word_1_87' title='bbox 66 1220 145 1258; x_wconf 87' lang='lat' dir='ltr'>Abi</span> <span class='ocrx_word' id='word_1_88' title='bbox 178 1221 345 1267; x_wconf 86' lang='lat' dir='ltr'>domurn,</span> <span class='ocrx_word' id='word_1_89' title='bbox 373 1221 464 1270; x_wconf 88' lang='lat' dir='ltr'>jube</span> <span class='ocrx_word' id='word_1_90' title='bbox 496 1234 583 1257; x_wconf 84' lang='lat' dir='ltr'>vasa</span> <span class='ocrx_word' id='word_1_91' title='bbox 615 1233 710 1270; x_wconf 85' lang='lat' dir='ltr'>pura</span> <span class='ocrx_word' id='word_1_92' title='bbox 744 1227 913 1257; x_wconf 83' lang='lat' dir='ltr'>actutum</span> <span class='ocrx_word' id='word_1_93' title='bbox 947 1220 1120 1258; x_wconf 81' lang='lat' dir='ltr'>adornari</span> 
     </span>
     <span class='ocr_line' id='line_1_19' title="bbox 221 1285 328 1332; baseline 0 -10"><span class='ocrx_word' id='word_1_94' title='bbox 221 1285 328 1332; x_wconf 84' lang='lat' dir='ltr'>mihi,</span> 
     </span>
    </p>

    <p class='ocr_par' dir='ltr' id='par_1_13' title="bbox 65 1349 1178 1399">
     <span class='ocr_line' id='line_1_20' title="bbox 65 1349 1178 1399; baseline -0.002 -13"><span class='ocrx_word' id='word_1_95' title='bbox 65 1349 118 1387; x_wconf 91' lang='lat' dir='ltr'>Ut</span> <span class='ocrx_word' id='word_1_96' title='bbox 137 1350 242 1386; x_wconf 88' lang='lat' dir='ltr'>Jovis</span> <span class='ocrx_word' id='word_1_97' title='bbox 262 1349 425 1399; x_wconf 79' lang='lat' dir='ltr'>supremi</span> <span class='ocrx_word' id='word_1_98' title='bbox 446 1349 573 1385; x_wconf 84' lang='lat' dir='ltr'>multis</span> <span class='ocrx_word' id='word_1_99' title='bbox 592 1349 725 1386; x_wconf 87' lang='lat' dir='ltr'>hostiis</span> <span class='ocrx_word' id='word_1_100' title='bbox 739 1362 870 1398; x_wconf 84' lang='lat' dir='ltr'>pacem</span> <span class='ocrx_word' id='word_1_101' title='bbox 892 1356 1074 1398; x_wconf 82' lang='lat' dir='ltr'>expetam.</span> <span class='ocrx_word' id='word_1_102' title='bbox 1137 1352 1178 1384; x_wconf 89' lang='grc'>75</span> 
     </span>
    </p>

    <p class='ocr_par' dir='ltr' id='par_1_14' title="bbox 68 1413 1119 1522">
     <span class='ocr_line' id='line_1_21' title="bbox 68 1413 1119 1464; baseline 0 -14"><span class='ocrx_word' id='word_1_103' title='bbox 68 1413 153 1464; x_wconf 87' lang='lat' dir='ltr'>Ego</span> <span class='ocrx_word' id='word_1_104' title='bbox 189 1413 380 1451; x_wconf 81' lang='lat' dir='ltr'>Tiresiam</span> <span class='ocrx_word' id='word_1_105' title='bbox 418 1413 674 1463; x_wconf 85' lang='lat' dir='ltr'>conjectorem</span> <span class='ocrx_word' id='word_1_106' title='bbox 712 1413 918 1459; x_wconf 80' lang='lat' dir='ltr'>advocabo,</span> <span class='ocrx_word' id='word_1_107' title='bbox 957 1420 994 1450; x_wconf 88' lang='lat' dir='ltr'>et</span> <span class='ocrx_word' id='word_1_108' title='bbox 1031 1426 1119 1450; x_wconf 87' lang='lat' dir='ltr'>con-</span> 
     </span>
     <span class='ocr_line' id='line_1_22' title="bbox 225 1476 357 1522; baseline 0 -10"><span class='ocrx_word' id='word_1_109' title='bbox 225 1476 357 1522; x_wconf 86' lang='lat' dir='ltr'><strong>sulam,</strong></span> 
     </span>
    </p>

    <p class='ocr_par' dir='ltr' id='par_1_15' title="bbox 64 1539 1118 1652">
     <span class='ocr_line' id='line_1_23' title="bbox 64 1539 1118 1585; baseline 0 -9"><span class='ocrx_word' id='word_1_110' title='bbox 64 1539 176 1581; x_wconf 78' lang='lat' dir='ltr'>Quid</span> <span class='ocrx_word' id='word_1_111' title='bbox 192 1540 410 1577; x_wconf 88' lang='lat' dir='ltr'>faciundum</span> <span class='ocrx_word' id='word_1_112' title='bbox 427 1546 598 1585; x_wconf 80' lang='lat' dir='ltr'>censeat3</span> <span class='ocrx_word' id='word_1_113' title='bbox 628 1540 736 1576; x_wconf 81' lang='lat' dir='ltr'>simu}</span> <span class='ocrx_word' id='word_1_114' title='bbox 755 1540 853 1577; x_wconf 82' lang='lat' dir='ltr'>hanc</span> <span class='ocrx_word' id='word_1_115' title='bbox 869 1552 946 1577; x_wconf 87' lang='lat' dir='ltr'>rem</span> <span class='ocrx_word' id='word_1_116' title='bbox 963 1547 1004 1576; x_wconf 89' lang='lat' dir='ltr'>ut</span> <span class='ocrx_word' id='word_1_117' title='bbox 1020 1540 1118 1577; x_wconf 86' lang='lat' dir='ltr'>facta</span> 
     </span>
     <span class='ocr_line' id='line_1_24' title="bbox 225 1604 465 1652; baseline 0.004 -11"><span class='ocrx_word' id='word_1_118' title='bbox 225 1614 281 1641; x_wconf 81' lang='lat' dir='ltr'>est</span> <span class='ocrx_word' id='word_1_119' title='bbox 300 1604 465 1652; x_wconf 76' lang='lat' dir='ltr'>eloquar.</span> 
     </span>
    </p>

    <p class='ocr_par' dir='ltr' id='par_1_16' title="bbox 66 1668 1117 1771">
     <span class='ocr_line' id='line_1_25' title="bbox 66 1668 1117 1719; baseline -0.002 -12"><span class='ocrx_word' id='word_1_120' title='bbox 66 1669 146 1708; x_wconf 78' lang='lat' dir='ltr'>Sed</span> <span class='ocrx_word' id='word_1_121' title='bbox 174 1668 266 1719; x_wconf 88' lang='lat' dir='ltr'>quid</span> <span class='ocrx_word' id='word_1_122' title='bbox 295 1668 394 1705; x_wconf 74' lang='lat' dir='ltr'>hoc?</span> <span class='ocrx_word' id='word_1_123' title='bbox 423 1681 533 1716; x_wconf 86' lang='lat' dir='ltr'>quam</span> <span class='ocrx_word' id='word_1_124' title='bbox 562 1668 683 1705; x_wconf 85' lang='lat' dir='ltr'>valide</span> <span class='ocrx_word' id='word_1_125' title='bbox 712 1668 855 1705; x_wconf 87' lang='lat' dir='ltr'>tonuit!</span> <span class='ocrx_word' id='word_1_126' title='bbox 891 1668 929 1705; x_wconf 76' lang='lat' dir='ltr'>di</span> <span class='ocrx_word' id='word_1_127' title='bbox 959 1669 1117 1706; x_wconf 85' lang='lat' dir='ltr'>obsecro</span> 
     </span>
     <span class='ocr_line' id='line_1_26' title="bbox 224 1732 538 1771; baseline -0.006 -1"><span class='ocrx_word' id='word_1_128' title='bbox 224 1739 385 1771; x_wconf 86' lang='lat' dir='ltr'><strong>vostram</strong></span> <span class='ocrx_word' id='word_1_129' title='bbox 405 1732 538 1769; x_wconf 80' lang='lat' dir='ltr'>fidem!</span> 
     </span>
    </p>
   </div>
  </div>
 </body>
</html>
