1277 2193
267 109 528 139 AULULAmA.
572 110 651 137 Aer.
674 108 713 137 11.
742 108 842 136 Sem.
863 107 890 135 2.
1111 99 1182 137 111

53 208 154 245 Nam
183 208 213 245 si
237 208 438 257 opulentus
458 208 485 244 it
503 208 661 257 petitum
680 205 914 256 pauperioris
933 204 1105 255 gratiam,

53 272 200 321 Pauper
222 273 355 308 metuit
384 272 577 321 congredi.
635 271 706 307 Per
732 277 873 306 metum
902 269 998 306 male
1026 281 1106 306 rem

211 337 317 385 gerit.
1121 336 1164 367 70

53 401 158 437 Idem
181 401 331 448 quando
352 401 447 437 illaec
468 400 620 436 occasio
638 399 761 448 periit,
781 405 866 447 post
885 410 969 434 sero
988 397 1104 447 cupit.

53 465 131 502 Eu.
167 465 209 501 Si
239 465 367 501 hercle
397 477 468 513 ego
498 472 534 500 te
565 477 641 500 non
672 461 939 512 elinguandam
967 461 1106 498 dedero

212 541 329 577 usque
351 529 395 565 ab
416 528 619 573 radicibus,

53 592 216 642 Impero,
240 600 445 640 auctorque
466 605 561 637 sum,
584 598 623 627 ut
641 598 682 627 tu
704 603 765 627 me
793 589 914 626 cuivis
941 596 1107 627 castran-

211 657 299 692 dum
320 657 433 693 loces.

53 720 127 757 Me.
162 720 287 756 Video
316 720 443 756 hercle
473 731 544 769 ego
574 727 610 756 te
643 731 704 755 me
738 718 923 764 arbitrari,
953 717 1105 765 Euclio,

210 784 402 820 hominem
432 783 623 828 idoneum,

51 847 182 887 Quem
212 848 366 884 senectiz
400 854 508 884 aetate
538 847 647 883 ludos
681 845 810 890 facias,
842 845 944 882 haud
972 844 1107 882 merito

209 925 304 949 meO.
1124 909 1166 940 75

53 976 131 1012 Ειι.
170 976 308 1024 Neque
337 975 482 1023 edepol,
514 975 734 1024 Megadore,
766 973 886 1010 facio:
925 985 1048 1022 neque
1076 973 1108 1010 si

211 1040 375 1087 cupiam,
399 1038 508 1086 eopia
527 1046 593 1074 est.

54 1104 128 1140 Me.
157 1103 267 1142 Quid
295 1103 423 1138 nunc?
458 1102 570 1138 etiam
601 1101 693 1137 mihi
725 1101 935 1150 despondes
963 1100 1107 1137 filiam?

211 1167 288 1203 Eu.
318 1166 398 1202 Illis
418 1166 577 1215 legibus,

55 1231 154 1268 Cum
189 1231 252 1267 illa
286 1230 386 1275 dote,
417 1242 530 1277 quarn
567 1229 635 1265 tibi
665 1229 752 1265 dixi.
808 1228 883 1265 Me.
913 1228 1105 1278 Sponden'

211 1295 327 1344 ergo?
383 1294 460 1330 En.
493 1293 681 1342 Spondeo.
1004 1305 1007 1308 ·

55 1358 129 1395 Me.
163 1358 267 1394 Istue
296 1358 332 1394 di
362 1359 459 1394 bene
487 1364 644 1393 vortant.
702 1356 779 1393 Eu.
814 1356 871 1393 Ita
903 1355 942 1392 di
977 1356 1105 1394 faxint.

212 1422 310 1457 Illud
331 1422 444 1458 facito
465 1429 505 1456 ut
525 1420 742 1456 memineris

58 1485 303 1530 Convenisse,
325 1493 366 1521 ut
394 1498 442 1521 ne
473 1484 562 1532 quid
583 1484 681 1520 dotis
707 1496 791 1520 mea
820 1483 866 1520 ad
894 1490 932 1520 te
962 1483 1109 1521 afferret

214 1549 299 1585 filia.
1124 1561 1166 1593 80

58 1614 131 1650 Me.
160 1613 330 1649 Memini.
388 1613 465 1648 Ea.
489 1612 539 1647 At
556 1612 646 1657 scio,
664 1625 738 1660 quo
753 1624 817 1648 vos
833 1611 983 1648 soleatis
997 1619 1109 1661 pacto

213 1676 474 1725 perplexarier.

59 1742 217 1778 Pactum
238 1753 313 1776 non
333 1747 485 1789 pactum
505 1747 573 1785 est,
593 1752 669 1775 non
688 1746 839 1788 pactum
859 1746 1012 1788 pactum
1039 1746 1108 1786 est,

217 1804 316 1852 quod
335 1804 440 1839 vobis
459 1803 572 1840 lubet.

60 1868 134 1906 Me.
173 1867 290 1905 Nulla
321 1867 577 1904 controversia
610 1867 701 1903 mihi
734 1874 861 1904 tecum
894 1867 975 1904 erit.
1032 1866 1110 1904 Sed

217 1932 366 1980 nuptias
