1277 2193
54 102 128 140 116
342 113 601 143 AULULAmA.
640 115 722 143 Aer.
744 114 783 143 11.
811 115 911 144 scm«.
933 114 968 142 v.

536 282 697 317 SCENA
729 283 774 318 V.

290 406 523 443 STRomLUS.
564 407 781 444 ANTHRAX.
820 407 1017 444 Commo.

180 532 260 570 Str.
291 533 405 570 TACE
435 547 537 571 nunc
567 535 644 584 jam
676 541 738 571 tu:
779 542 889 583 atque
923 547 1060 585 agnum
1089 534 1179 572 hine

284 605 364 634 uter
385 606 440 635 est
459 599 647 648 pinguior.

131 661 193 698 Co.
225 661 344 699 Licet.
402 663 480 699 Str.
511 663 575 700 Tu
604 663 773 713 Congrio
806 676 892 700 eum
920 676 1038 711 sume,
1070 670 1178 712 atque

284 727 344 763 abi

125 788 231 826 Intro
251 790 353 836 illuc,
375 798 411 827 et
430 804 494 828 vos
515 792 619 827 illum
640 792 864 840 sequimini:

125 853 205 890 Vos
225 855 340 891 ceteri
362 855 451 891 illue
472 856 517 891 ad
536 868 614 892 nos.
671 856 747 892 An.
779 857 921 893 Hercle
941 857 1078 905 injuria

85 922 106 953 5
125 918 403 967 Dispertivisti:
433 919 671 969 pinguiorem
694 933 832 969 agnum
851 921 913 956 isti
934 921 1083 957 habent.

123 983 204 1019 Str.
235 983 288 1019 At
306 996 409 1019 nunc
429 984 497 1020 tibi
517 984 666 1020 dabitur
684 984 861 1033 pinguior
881 985 1049 1021 tibicina.

122 1046 141 1083 I
161 1059 250 1084 sane
270 1060 357 1084 oum
378 1047 454 1093 illo,
475 1047 650 1097 Phrygia.
706 1048 771 1084 Tu
793 1055 930 1094 autem,
952 1048 1160 1095 meusium,

123 1111 214 1148 Huc
234 1111 332 1148 intro
354 1111 413 1148 abi
435 1112 479 1147 ad
500 1124 579 1148 nos.
641 1111 703 1148 Co.
733 1111 770 1148 O
791 1112 957 1149 Strobile
976 1113 1147 1159 subdole,

122 1175 301 1212 Huncine
321 1176 510 1212 detrusisti
531 1189 590 1212 me
611 1176 656 1212 ad
676 1189 805 1213 senem
823 1177 1125 1225 parcissumum'?

62 1244 102 1275 10
120 1239 207 1285 Ubi,
241 1239 272 1275 si
306 1239 396 1287 quid
432 1252 599 1288 poscam,
633 1252 750 1287 usque
789 1240 833 1276 ad
866 1240 982 1276 ravim
1018 1253 1172 1288 poscam

276 1303 379 1351 prius

117 1366 246 1407 Quam
281 1366 482 1414 quicquam
519 1366 637 1402 detur.
703 1366 782 1403 Str.
813 1367 980 1403 Stultum
1017 1374 1054 1404 et
1090 1367 1171 1405 sine

275 1430 394 1480 gratia
423 1437 479 1467 est

119 1495 180 1532 Ibi
199 1503 302 1531 reete
323 1495 458 1541 facere,
480 1495 630 1543 quando
650 1495 750 1543 quod
771 1495 886 1532 facias
904 1495 1013 1545 perit.

121 1559 185 1596 Co.
213 1559 296 1599 Qui
326 1560 439 1595 vero?
494 1559 573 1596 Str.
605 1559 792 1610 Rogitas?
817 1560 893 1609 jam
921 1560 1110 1609 principio
1131 1560 1169 1598 in

277 1623 420 1660 aedibus

119 1688 253 1725 Turba
272 1688 357 1725 istic
376 1688 479 1725 nulla
498 1689 566 1725 tibi
585 1689 675 1725 erit:
706 1689 737 1726 si
757 1690 856 1737 quod
876 1690 930 1726 uti
949 1690 1061 1728 voles.

80 1755 102 1785 5
121 1752 247 1789 Domo
268 1752 331 1788 abs
351 1759 387 1789 te
409 1752 550 1798 afferto,
570 1765 619 1789 ne
639 1765 790 1802 operam
809 1753 944 1802 perdas
962 1765 1128 1802 poscere.

122 1815 201 1853 Hie
221 1816 318 1864 apud
337 1828 406 1852 nos
427 1829 561 1866 magna
579 1818 700 1863 turba,
719 1829 762 1853 ao
781 1830 917 1867 magna
937 1817 1077 1855 familia
1096 1823 1163 1864 est,

120 1880 309 1928 Supellex,
332 1892 476 1926 aurum,
496 1887 630 1927 vestes,
651 1893 738 1917 vasa
759 1888 955 1930 argentea:

119 1943 178 1980 Ibi
196 1943 229 1980 si
246 1943 399 1993 perierit
418 1944 620 1993 quippiam,
642 1943 759 1994 (quod
779 1951 816 1982 te
834 1944 914 1982 scio
