1277 2193
45 117 100 156 66
322 126 589 156 AMPHITRUO.
631 127 712 155 Αοτ.
733 126 790 155 111.
818 126 919 156 scm.
938 126 966 154 3.

520 296 682 331 SCENA
717 296 780 331 III.

320 421 450 458 Sosm.
489 420 696 458 JUPPiTER.
734 420 974 458 ALCUMENA.

175 550 237 587 So.
268 549 528 596 Ampmmno,
551 562 696 587 assum:
725 550 756 586 si
777 549 866 598 quid
895 561 989 598 opus
1017 556 1085 596 est,
1106 549 1173 587 im-

279 626 389 663 pera:
420 614 618 663 imperium
639 627 810 662 exequar.

121 678 187 716 Ju.
216 678 384 727 Optume
404 678 566 716 advenis.
622 679 684 715 So.
714 679 737 715 J
742 691 801 715 am
828 691 900 728 pax
919 684 975 715 est
995 678 1090 715 inter
1108 690 1174 715 vos

279 743 400 780 duos?

122 806 224 844 Nam
244 807 333 856 quia
351 820 416 844 vos
435 807 657 856 tranquillos
672 807 794 853 video,
815 807 963 857 gaudeo
983 814 1020 844 et
1039 807 1174 856 volupe

278 879 335 909 est
354 872 459 918 mihi,

123 936 251 984 Atque
267 936 319 973 ita
337 948 483 973 servom
499 949 564 985 par
580 936 727 972 videtur
748 936 845 985 frugi
861 948 941 972 sese
958 936 1172 972 instituere:

83 1004 105 1034 5
123 1000 288 1037 Proinde
308 1000 388 1037 heri
407 1006 449 1037 ut
467 1000 555 1046 sint,
572 1000 651 1049 ipse
671 1000 761 1037 item
781 1000 849 1036 sit:
876 1000 1019 1036 voltum
1035 1012 1055 1036 e
1071 1000 1174 1036 voltu

281 1071 495 1113 comparet:

122 1127 264 1165 Tristis
284 1128 344 1175 sit,
365 1128 396 1165 si
417 1129 497 1166 heri
517 1128 591 1166 sint
618 1128 764 1165 tristes:
794 1128 936 1165 hilarus
955 1128 1015 1175 sit,
1036 1128 1067 1165 si
1087 1141 1176 1179 gau-

281 1192 404 1229 deant.

123 1256 201 1293 Sed
231 1269 311 1306 age,
341 1257 548 1304 responde:
574 1256 651 1305 jam
679 1268 744 1292 vos
771 1256 922 1292 redistis
950 1256 989 1293 in
1017 1268 1175 1293 coneor-

280 1321 408 1356 diam?

122 1384 187 1421 Ju.
218 1383 390 1430 Derides,
412 1384 476 1432 qui
496 1384 571 1421 scis
590 1384 672 1421 haec
695 1384 773 1433 jam
793 1384 935 1420 dudum
954 1397 1015 1421 me
1035 1384 1174 1422 dixisse

281 1461 346 1498 per
362 1449 503 1498 jocum.

124 1514 186 1550 So.
217 1513 280 1550 An
311 1513 349 1550 id
375 1514 463 1563 joco
494 1513 646 1550 dixisti?
678 1512 853 1562 equidem
882 1513 980 1550 serio
1012 1526 1056 1550 ac
1085 1526 1173 1551 vero

281 1584 394 1614 ratus.

67 1646 108 1679 10
124 1641 188 1679 Ju.
218 1641 348 1678 Habui
380 1641 710 1692 expurgationem3
745 1641 845 1679 facta
871 1654 944 1691 pax
971 1649 1038 1679 est.
1106 1642 1170 1680 So.

281 1705 448 1755 Optume
467 1713 534 1743 est.

125 1770 190 1807 Ju.
230 1769 315 1820 Ego
347 1782 426 1807 rem
458 1770 623 1807 divinam
655 1771 756 1808 intus
788 1770 936 1817 faciam,
970 1777 1057 1808 vota
1087 1782 1172 1819 quae

282 1840 379 1871 sunt.
435 1834 498 1871 So.
528 1834 688 1872 Censeo.

123 1898 190 1935 Ju.
227 1897 292 1936 Tu
323 1898 612 1947 gubernatorem
642 1911 664 1937 a
689 1899 774 1937 navi
802 1899 877 1937 huc
905 1910 1023 1937 evoca
1047 1897 1172 1936 verbis

282 1974 376 1999 meis
