1277 2193
309 131 562 162 AULULARIA.
605 133 803 162 suppostm.
1086 123 1160 161 155

33 227 93 266 Et
110 229 220 267 trado
239 230 458 280 Lyconidae‚
479 231 690 281 Lyconides
709 222 762 269 me
780 242 890 267 manu

31 292 184 337 Mittit;
200 294 496 345 jubetquejuris
516 309 590 333 esse
608 309 660 332 me
679 296 758 333 mei.

31 357 143 396 Itane
159 359 341 408 spondes?
397 360 463 409 Ly.
493 360 671 410 Spondeo.
728 361 782 397 St.
808 359 941 396 Jamne
956 358 1082 397 audis-

188 424 237 461 tis
257 424 321 462 lzoc

36 487 153 533 Quod
176 488 302 525 dizit?
358 489 435 527 Me.
473 489 710 526 Audivimus.
768 490 823 527 St.
856 489 959 526 Jura
985 489 1080 527 enim

178 566 252 602 per
268 553 405 591 Jovem.

30 615 98 665 Ly.
127 616 227 655 Hem
246 630 317 667 quo
336 618 508 654 redactus
529 631 606 655 sum
626 619 745 655 alieno
764 618 885 655 malo!
1095 611 1136 644 ⁶⁰

29 680 155 717 Nimis
168 694 311 730 procax
330 695 377 719 es.
439 682 554 726 Quod
557 682 681 731 jubet,
690 681 844 731 faciam
863 688 994 720 tamen.

28 745 84 782 St.
114 745 222 783 Heus
243 751 297 792 tu,
317 752 446 783 nostra
465 752 556 782 oetas
576 759 647 783 non
666 747 923 796 multumfidei
936 747 1040 796 gerit
1052 761 1065 784 .·

36 808 192 846 Tabulae
210 815 415 846 notantur:
444 810 581 847 adsunt
601 816 708 847 testes
728 811 940 848 duodecim:

34 872 192 923 Tempus
213 874 396 924 locumque
414 874 546 911 scribit
565 875 786 917 actuarius;

34 937 174 975 Tamen
193 938 383 975 invenitur
401 939 538 985 rhetor,
559 940 624 988 qui
631 938 787 988 factum
805 946 923 989 neget.
1092 937 1135 970 55

27 1001 95 1050 Ly.
125 1001 203 1039 Sed
220 1015 272 1039 me
291 1003 363 1039 cito
378 1003 505 1051 expedi
519 1003 583 1039 sis.
640 1004 694 1040 St.
724 1003 824 1040 Hem
839 1005 978 1041 silicem
993 1004 1074 1042 tibi.

27 1065 95 1115 Ly.
125 1065 171 1103 Si
198 1078 264 1114 ego
292 1072 325 1103 te
353 1067 470 1103 sciens
488 1065 646 1115 fallam,
666 1067 725 1104 ita
742 1080 795 1104 me
814 1067 942 1116 ejiciat
962 1067 1076 1106 Dies-

175 1131 281 1180 piter

26 1193 162 1242 Bonis,
183 1193 291 1231 saled
318 1194 407 1232 urbe
434 1200 469 1232 et
497 1207 594 1242 arce,
614 1201 655 1232 ut
683 1208 750 1245 ego
777 1195 873 1233 hunc
901 1196 1071 1247 lapidem.

183 1258 310 1296 Satin'
557 1291 566 1304 ,

25 1322 113 1360 Jam
120 1322 206 1374 feci
225 1323 324 1360 tibi?
381 1324 436 1361 St.
466 1323 584 1361 Satis.
622 1324 669 1361 Ut
690 1337 756 1373 ego
781 1338 914 1362 aurum
941 1338 1074 1377 appor-

181 1393 262 1434 tem,
282 1401 330 1434 eo.

27 1451 94 1501 Ly.
123 1450 154 1488 I
164 1450 337 1500 Pegaseo
351 1452 494 1501 gradu,
514 1457 549 1489 et
567 1465 701 1490 vorans
720 1452 819 1490 viam
837 1453 927 1491 redi.
1089 1467 1130 1499 70

27 1652 270 1691 Lycomnns.
302 1653 532 1691 STROBILUS.
564 1651 830 1691 Mnemonns.
863 1654 1066 1693 Emonam.

460 1716 624 1755 Eueno.

79 1834 145 1884 Ly.
179 1833 305 1872 GRAVE
323 1839 376 1872 est
394 1834 530 1871 homini
540 1834 701 1883 pudenti
718 1835 921 1884 morologus
941 1835 1050 1873 nimis

26 1898 177 1946 Servus,
197 1898 263 1949 qui
281 1911 408 1949 sapere
424 1899 508 1949 plus
527 1899 602 1936 volt
620 1899 704 1937 hero
723 1912 797 1937 suo.

26 1961 151 2002 Abeat
167 1963 228 2002 hic
244 1962 432 2002 Strobilus
451 1963 492 2001 in
510 1964 643 2002 malam
662 1964 754 2001 liber
773 1977 924 2010 crucem,
