1277 2193
77 66 149 103 104
367 76 629 106 AULULARIA.
670 78 750 107 Αοτ.
773 77 812 105 11.
840 77 940 106 scm.
964 78 987 105 1.

92 180 133 212 20
151 172 274 223 Pejor,
306 174 431 222 frater,
461 182 526 213 est.
584 175 658 213 Me.
694 175 801 213 Idem
830 188 902 226 ego
932 176 1104 223 arbitror,
1133 189 1206 214 nee

306 239 375 275 tibi

150 301 355 340 Adversari
376 311 522 340 certum
543 311 599 340 est
618 304 665 341 de
686 304 779 341 istac
798 316 838 341 re
858 317 1039 353 unquam,
1061 317 1178 342 soror.

150 366 228 403 Eu.
268 367 329 404 Da
365 368 457 404 mihi
487 380 654 417 operam,
686 369 830 406 amabo.
887 369 962 406 Me.
1000 369 1091 407 Tua
1127 377 1206 414 θεῖς

307 439 414 469 utere

151 495 279 544 Atque
300 496 455 545 impera,
477 497 508 533 si
537 497 628 545 quid
648 497 713 534 vis.
771 498 850 534 Eu.
880 497 923 534 Id
948 497 1049 547 quod
1070 497 1108 535 in
1128 510 1209 534 rem

310 568 413 598 tuam

152 623 363 674 Optumum
383 638 465 663 esse
486 626 657 672 arbitror,
675 633 711 663 te
732 626 770 662 id
786 627 1020 663 admonitum
1038 627 1208 663 advento.

92 690 134 722 25
153 688 227 726 Me.
267 690 397 736 Soror,
432 703 537 727 more
572 697 638 727 tuo
676 691 780 728 facis.
838 691 916 727 Eu.
957 691 1077 728 Facta
1113 691 1208 728 volo.

310 754 385 790 Me.
414 754 523 793 Quid
543 761 599 790 est
621 755 670 800 id,

153 818 296 854 Soror?
351 818 429 853 Ea.
461 818 559 866 quod
581 818 649 854 tibi
671 818 942 866 sempiternum
962 819 1125 856 salutare

152 882 213 919 Sit
230 881 475 930 procreandis
495 882 636 928 liberis,
658 882 711 918 ita
730 882 767 918 di
790 882 920 928 faxint,

150 945 251 983 Volo
268 953 304 982 te
321 958 474 982 uxorem
490 946 643 982 domum
660 946 809 982 ducere.
866 946 941 982 stIe.
971 946 1048 982 Hei
1064 946 1206 984 occidi!

151 1009 231 1046 Eu.
261 1010 370 1050 Quid
388 1010 461 1046 ita?
517 1010 591 1047 Me.
621 1010 730 1049 Quia
744 1010 838 1046 mihi
855 1010 992 1046 misero
1013 1011 1211 1047 cerebrum

313 1075 511 1112 excutiunt

93 1145 134 1177 30
151 1138 241 1175 Tua
268 1138 383 1185 dicta,
413 1151 539 1174 soror:
570 1139 713 1187 lapides
742 1139 918 1186 loqueris.
977 1138 1055 1175 Ειι.
1086 1138 1209 1175 Heia!

310 1203 384 1238 hoe
405 1203 499 1247 sace,

151 1267 271 1307 Quod
304 1273 341 1302 te
374 1266 481 1315 jubet
514 1278 630 1303 soror.
687 1266 762 1302 Me.
803 1266 844 1301 Si
873 1266 1021 1311 lubeat3
1062 1266 1207 1303 faciam.

313 1330 391 1367 Eu.
422 1329 466 1365 In
487 1342 566 1366 rem

154 1394 244 1432 Hoc
271 1401 373 1431 tuam
404 1401 470 1430 est.
527 1393 601 1430 Me.
636 1393 686 1430 Ut
714 1393 865 1441 quidem
897 1393 1071 1440 emoriar,
1091 1393 1210 1443 prius-

312 1470 424 1507 quam
454 1458 602 1494 ducam.

156 1523 233 1560 Sed
253 1523 310 1559 his
329 1522 490 1573 legibus,
512 1522 545 1558 si
566 1535 677 1570 quam
699 1522 786 1558 dare
806 1522 874 1567 vis,
896 1522 1055 1559 ducam:
1085 1535 1168 1571 quae

155 1587 252 1624 Cras
271 1587 407 1632 veniat,
428 1586 609 1635 perendie
630 1587 728 1622 foras
748 1586 899 1632 seratur,
921 1599 1036 1623 soror.

98 1660 139 1692 35
158 1650 229 1687 His
247 1650 395 1700 legibus
414 1663 525 1698 quarn
545 1650 633 1686 dare
653 1650 720 1696 vis,
742 1650 849 1695 cedO,
870 1650 1019 1698 nuptias
1040 1650 1189 1687 adorna.

156 1716 235 1753 Eu.
264 1716 394 1755 Quam
410 1728 583 1752 maxuma
594 1728 747 1764 possum
762 1715 843 1761 tibi,
858 1715 983 1761 frater,
997 1715 1085 1752 dare
1098 1715 1184 1752 dote
1199 1730 1206 1753 :

158 1780 235 1818 Sed
254 1787 310 1817 est
328 1780 504 1830 grandior
524 1786 636 1816 natu:
667 1779 791 1816 media
809 1786 865 1816 est
885 1778 1053 1815 mulieris
1072 1786 1172 1816 aetas.

158 1843 256 1884 Eam
274 1843 306 1883 si
320 1843 442 1895 jubes,
464 1844 587 1891 frater,
608 1843 676 1881 tibi
695 1855 755 1881 me
774 1855 944 1894 poscere,
963 1854 1129 1893 poscam.
