1277 2193
285 127 551 158 AMPmTRUO.
591 129 670 157 Αετ.
693 127 716 156 1.
745 128 844 157 Sem.
869 128 892 155 ι.
1132 119 1179 155 15

61 226 111 264 Et
131 239 270 273 servus,
289 229 398 278 cujus
418 240 488 278 ego
508 227 605 264 hanc
625 228 703 264 fero
723 227 934 277 imaginem.

60 291 176 328 Nunc
196 292 403 329 internosse
422 299 462 328 ut
482 305 550 328 nos
568 292 718 341 possitis
738 292 905 336 facilius3

60 355 145 406 Ego
164 356 230 392 has
249 356 394 393 habebo
414 356 476 392 hic
495 369 611 405 usque
630 357 669 392 in
688 363 816 406 petaso
834 354 1030 404 pinnulas;

59 419 163 456 Tum
183 432 266 457 meo
284 421 379 470 patri
401 428 522 457 autem
543 421 686 457 torulus
706 421 817 457 inerit
837 432 970 456 aureus

59 485 141 521 Sub
159 492 308 534 petaso:
340 485 377 521 id
396 485 544 534 signum
565 485 832 533 Amphitruoni
852 495 928 520 non
948 483 1028 521 erit.
1118 485 1178 515 145

60 548 118 586 Ea
135 549 241 599 signa
260 561 372 586 nemo
391 549 524 586 horum
545 549 784 586 familiarium

59 613 199 651 Videre
217 614 374 663 poterit:
403 627 531 651 verum
551 627 615 650 vos
634 614 817 651 videbitis.

60 678 136 714 Sed
157 677 443 726 Amphitruonis
462 678 540 714 illic
560 685 616 715 est
635 691 761 714 servus
782 678 903 723 Sosia,

59 741 95 777 A
114 748 223 790 portu
244 741 322 778 illic
341 754 443 778 nunc
463 754 549 778 cum
570 741 713 778 laterna
732 742 890 779 advenit.

59 805 225 854 Abigam
240 805 317 854 jam
336 818 407 855 ego
426 806 531 842 illum
553 806 812 842 advenientem
833 806 878 842 ab
898 806 1052 843 aedibus.
1117 803 1177 836 150

59 870 200 906 Adest:
231 869 324 907 ferit.
380 869 516 918 Operae
536 870 696 919 pretium
717 870 779 906 hic
799 870 1056 919 spectantibus

58 933 191 971 Jovem
211 941 321 983 atque
340 933 576 971 Mercurium
596 934 719 972 facere
738 934 983 972 histrioniam.

350 1133 511 1168 ACTUS
536 1133 563 1167 l.
595 1133 755 1168 SCENA
780 1134 805 1167 l.

370 1257 498 1294 Sosm.
537 1256 786 1295 Mancumns.

109 1385 172 1422 So.
209 1384 292 1425 ΟΠ
321 1398 381 1422 me
404 1386 494 1422 alter
514 1393 569 1422 est
590 1386 766 1423 audacior
785 1386 923 1424 homo?
953 1394 1015 1424 aut
1034 1388 1097 1436 qui

214 1461 273 1485 me
293 1449 565 1486 confidentior?

59 1511 273 1548 Juventutis
292 1525 413 1550 mores
428 1513 491 1561 qui
512 1513 627 1550 sciam
643 1527 650 1550 τ
680 1514 742 1563 qui
762 1514 835 1551 hoc
854 1515 977 1551 noctis
995 1515 1096 1552 solus

161 1579 187 1603 Ρ
201 1574 427 1613 'ambulem'e

56 1640 164 1680 Quid
193 1640 327 1677 faciam
355 1654 469 1686 nunc,
499 1641 529 1677 si
557 1641 723 1678 Tresviri
751 1655 811 1679 me
840 1643 876 1679 in
906 1655 1095 1681 carcerem

214 1705 495 1753 compegerint?

57 1766 151 1804 Inde
181 1780 263 1804 cras
288 1780 308 1804 e
333 1768 586 1816 promptuaria
614 1770 709 1807 cella
736 1770 931 1819 depromar
960 1772 1003 1808 ad
1033 1772 1096 1809 fla-

212 1832 346 1881 grum?

57 1893 144 1931 Nec
171 1907 340 1932 caussam
368 1895 480 1932 liceat
507 1896 632 1933 dicere
660 1897 764 1944 mihi,
789 1910 910 1947 neque
939 1899 976 1936 in
1005 1900 1094 1936 hero

213 1959 413 2008 quiequam
434 1960 561 1997 auxilii
580 1961 675 1997 siet?
1110 1971 1132 2001 5
