1277 2193
277 139 546 169 AMPHITRL'O.
588 140 668 169 Aer.
692 139 714 167 1.
743 139 843 167 ScEN.
864 139 891 166 3-
1132 129 1184 167 39

50 237 109 275 Ea
135 238 205 274 tibi
234 239 362 275 omnia
389 239 569 276 enarravi.
627 238 714 275 Nisi
742 245 780 275 te
809 248 972 274 amarem
990 234 1106 286 pluri-

209 316 324 349 mum,

51 366 141 403 Non
171 368 344 405 facerem.
416 368 490 405 Me.
530 368 690 405 Facitne
719 374 760 404 ut
793 367 896 403 dixi?
934 365 1105 403 timidam

206 432 318 481 palpo
337 433 511 481 percutit.

49 495 114 532 Ju.
153 496 284 542 Nunc,
305 509 352 533 ne
373 497 472 546 legio
492 496 752 546 persentiscat,
774 496 872 533 clam
892 495 983 532 illuc
1003 495 1107 533 rede—

210 562 354 598 undum
375 569 430 598 est
450 561 563 606 mihi;

51 623 114 662 Ne
134 638 194 662 me
213 638 367 663 uxorem
386 626 621 674 praevortisse
642 625 770 662 dicant
788 638 864 675 prae
885 624 1092 674 republica..
1124 627 1165 659 30

51 690 116 727 Al.
155 690 449 727 Lacrumantem
478 703 523 727 ex
553 690 656 726 abitu
686 690 895 726 concinnas
927 697 969 726 tu
1002 696 1107 726 tuam

210 767 377 792 uxorem.
432 755 497 790 ch.
536 754 656 791 Tace.

52 818 115 856 Ne
144 831 343 868 corrumpe
372 819 524 863 oculos;
560 819 691 856 redibo
721 826 901 856 actutum
958 819 1023 856 Al.
1062 818 1108 856 Id

210 891 379 920 actutum
399 884 464 920 diu
485 885 542 920 'st.

50 947 115 985 Ju.
154 947 246 985 Non
274 960 346 998 ego
365 955 402 985 te
422 947 487 984 hic
509 948 643 985 lubens
661 948 848 997 relinquo,
869 960 993 997 neque
1014 949 1108 986 abeo

211 1013 276 1049 abs
295 1020 342 1049 te.
399 1013 464 1049 Al.
504 1013 650 1058 Sentio,

53 1076 155 1113 Nam
175 1077 249 1124 qua
277 1084 390 1113 nocte
420 1077 465 1113 ad
485 1089 545 1113 me
564 1076 712 1123 venisti,
733 1077 867 1114 eadem
897 1076 986 1114 abis.
1042 1077 1108 1114 Ju.

212 1141 290 1177 Cur
310 1153 370 1177 me
390 1142 521 1177 tenes?

53 1205 274 1255 Tempu'st:
318 1205 420 1242 exire
457 1217 503 1242 ex
540 1205 644 1251 urbe,
677 1205 896 1254 priusquam
933 1205 1108 1253 luciscat,

210 1270 306 1306 volo.
1124 1273 1168 1304 35

55 1334 172 1371 Nunc
199 1335 267 1371 tibi
297 1334 396 1371 hanc
423 1341 603 1383 pateram,
630 1347 713 1383 quae
741 1334 842 1371 dono
871 1333 923 1371 mi
953 1334 1033 1372 illic
1059 1335 1110 1373 ob

211 1399 385 1436 virtutem
407 1399 494 1435 data
515 1400 570 1435 ’st

56 1463 204 1500 Pterela
233 1476 298 1499 rex
327 1463 390 1512 qui
421 1463 605 1512 potitavit,
627 1475 738 1511 quem
769 1475 840 1513 ego
870 1463 955 1500 mea
982 1463 1110 1500 occidi

213 1539 340 1571 manu,

57 1592 284 1635 Alcumena,
307 1591 375 1627 tibi
395 1591 581 1627 condono.
639 1591 703 1627 Al.
744 1591 857 1628 Facis
877 1598 918 1628 ut
938 1591 1031 1629 alias
1049 1604 1110 1629 res

215 1655 322 1691 soles.

58 1720 217 1757 Ecastor
252 1719 484 1768 condignum
513 1719 666 1765 donum,
697 1720 847 1768 quali’st
875 1720 938 1769 qui
967 1721 1110 1758 donum

216 1783 327 1820 dedit.

59 1848 133 1886 Me.
173 1848 295 1884 Immo
324 1847 380 1884 sic
409 1848 640 1898 condignum
661 1849 815 1895 donum,
836 1849 947 1898 quali'
970 1857 1026 1887 est
1046 1850 1109 1887 cui

218 1912 318 1949 dono
347 1912 495 1948 datu’st.
1128 1918 1170 1950 40
