<?xml version="1.0" encoding="UTF-8"?>
<!DOCTYPE html PUBLIC "-//W3C//DTD XHTML 1.0 Transitional//EN"
    "http://www.w3.org/TR/xhtml1/DTD/xhtml1-transitional.dtd">
<html xmlns="http://www.w3.org/1999/xhtml" xml:lang="en" lang="en">
 <head>
  <title>
</title>
<meta http-equiv="Content-Type" content="text/html;charset=utf-8" />
  <meta name='ocr-system' content='tesseract 3.04.00' />
  <meta name='ocr-capabilities' content='ocr_page ocr_carea ocr_par ocr_line ocrx_word'/>
</head>
<body>
  <div class='ocr_page' id='page_1' title='image "amphitruoetaulul00plauuoft_0131.png"; bbox 0 0 1277 2193; ppageno 0'>
   <div class='ocr_carea' id='block_1_1' title="bbox 308 131 1224 168">
    <p class='ocr_par' dir='ltr' id='par_1_1' title="bbox 308 131 1224 168">
     <span class='ocr_line' id='line_1_1' title="bbox 308 131 1224 168; baseline 0.002 -2"><span class='ocrx_word' id='word_1_1' title='bbox 308 138 560 166; x_wconf 30' lang='lat' dir='ltr'>AULrLi-uzm.</span> <span class='ocrx_word' id='word_1_2' title='bbox 602 139 681 165; x_wconf 71' lang='grc' dir='ltr'>Αςτ.</span> <span class='ocrx_word' id='word_1_3' title='bbox 705 137 760 165; x_wconf 75' lang='lat'>111.</span> <span class='ocrx_word' id='word_1_4' title='bbox 789 138 887 166; x_wconf 66' lang='lat' dir='ltr'>Sem.</span> <span class='ocrx_word' id='word_1_5' title='bbox 907 138 934 164; x_wconf 69' lang='lat'>53.</span> <span class='ocrx_word' id='word_1_6' title='bbox 1151 131 1224 168; x_wconf 75' lang='lat'>123</span> 
     </span>
    </p>
   </div>
   <div class='ocr_carea' id='block_1_2' title="bbox 91 235 1203 542">
    <p class='ocr_par' dir='ltr' id='par_1_2' title="bbox 94 235 1203 347">
     <span class='ocr_line' id='line_1_2' title="bbox 94 235 1143 286; baseline -0.002 -12"><span class='ocrx_word' id='word_1_7' title='bbox 94 237 161 275; x_wconf 88' lang='lat' dir='ltr'>Me</span> <span class='ocrx_word' id='word_1_8' title='bbox 189 236 288 274; x_wconf 87' lang='lat' dir='ltr'>haud</span> <span class='ocrx_word' id='word_1_9' title='bbox 317 238 486 286; x_wconf 61' lang='lat' dir='ltr'>poenitet,</span> <span class='ocrx_word' id='word_1_10' title='bbox 515 244 581 273; x_wconf 82' lang='lat' dir='ltr'>tua</span> <span class='ocrx_word' id='word_1_11' title='bbox 608 249 655 273; x_wconf 88' lang='lat' dir='ltr'>ne</span> <span class='ocrx_word' id='word_1_12' title='bbox 683 243 865 285; x_wconf 77' lang='lat' dir='ltr'>expetam.</span> <span class='ocrx_word' id='word_1_13' title='bbox 922 235 1000 272; x_wconf 75' lang='lat' dir='ltr'>Eu.</span> <span class='ocrx_word' id='word_1_14' title='bbox 1031 235 1143 273; x_wconf 85' lang='lat' dir='ltr'>Scio:</span> 
     </span>
     <span class='ocr_line' id='line_1_3' title="bbox 250 301 1203 347; baseline -0.007 -9"><span class='ocrx_word' id='word_1_15' title='bbox 250 315 298 338; x_wconf 90' lang='lat' dir='ltr'>ne</span> <span class='ocrx_word' id='word_1_16' title='bbox 318 302 425 347; x_wconf 87' lang='lat' dir='ltr'>doce,</span> <span class='ocrx_word' id='word_1_17' title='bbox 447 302 545 337; x_wconf 85' lang='lat' dir='ltr'>novi.</span> <span class='ocrx_word' id='word_1_18' title='bbox 1162 301 1203 332; x_wconf 80' lang='lat'>20</span> 
     </span>
    </p>

    <p class='ocr_par' dir='ltr' id='par_1_3' title="bbox 95 364 1145 478">
     <span class='ocr_line' id='line_1_4' title="bbox 95 364 1145 414; baseline -0.002 -12"><span class='ocrx_word' id='word_1_19' title='bbox 95 365 158 403; x_wconf 78' lang='lat' dir='ltr'>Co.</span> <span class='ocrx_word' id='word_1_20' title='bbox 199 365 308 406; x_wconf 81' lang='lat' dir='ltr'>Quid</span> <span class='ocrx_word' id='word_1_21' title='bbox 342 373 409 412; x_wconf 85' lang='lat' dir='ltr'>est,</span> <span class='ocrx_word' id='word_1_22' title='bbox 438 366 517 413; x_wconf 65' lang='lat' dir='ltr'>qua</span> <span class='ocrx_word' id='word_1_23' title='bbox 549 365 749 414; x_wconf 78' lang='lat' dir='ltr'>prohibeas</span> <span class='ocrx_word' id='word_1_24' title='bbox 786 377 889 400; x_wconf 88' lang='lat' dir='ltr'>nunc</span> <span class='ocrx_word' id='word_1_25' title='bbox 921 364 1042 414; x_wconf 65' lang='lat' dir='ltr'>gratia</span> <span class='ocrx_word' id='word_1_26' title='bbox 1076 376 1145 401; x_wconf 90' lang='lat' dir='ltr'>nos</span> 
     </span>
     <span class='ocr_line' id='line_1_5' title="bbox 250 429 690 478; baseline -0.005 -12"><span class='ocrx_word' id='word_1_27' title='bbox 250 442 413 478; x_wconf 81' lang='lat' dir='ltr'>coquere</span> <span class='ocrx_word' id='word_1_28' title='bbox 434 429 496 466; x_wconf 80' lang='lat' dir='ltr'>hic</span> <span class='ocrx_word' id='word_1_29' title='bbox 516 430 690 465; x_wconf 68' lang='lat' dir='ltr'>coenam?</span> 
     </span>
    </p>

    <p class='ocr_par' dir='ltr' id='par_1_4' title="bbox 91 493 1145 542">
     <span class='ocr_line' id='line_1_6' title="bbox 91 493 1145 542; baseline -0.001 -12"><span class='ocrx_word' id='word_1_30' title='bbox 91 493 200 537; x_wconf 80' lang='lat' dir='ltr'>Quid</span> <span class='ocrx_word' id='word_1_31' title='bbox 231 494 414 531; x_wconf 73' lang='lat' dir='ltr'>fecimus?</span> <span class='ocrx_word' id='word_1_32' title='bbox 443 494 532 542; x_wconf 87' lang='lat' dir='ltr'>quid</span> <span class='ocrx_word' id='word_1_33' title='bbox 563 493 725 529; x_wconf 78' lang='lat' dir='ltr'>diximus</span> <span class='ocrx_word' id='word_1_34' title='bbox 753 493 819 530; x_wconf 89' lang='lat' dir='ltr'>tibi</span> <span class='ocrx_word' id='word_1_35' title='bbox 847 493 1012 541; x_wconf 88' lang='lat' dir='ltr'>sequius,</span> <span class='ocrx_word' id='word_1_36' title='bbox 1032 505 1145 541; x_wconf 88' lang='lat' dir='ltr'>quam</span> 
     </span>
    </p>
   </div>
   <div class='ocr_carea' id='block_1_3' title="bbox 92 559 1145 850">
    <p class='ocr_par' dir='ltr' id='par_1_5' title="bbox 249 559 387 594">
     <span class='ocr_line' id='line_1_7' title="bbox 249 559 387 594; baseline 0 0"><span class='ocrx_word' id='word_1_37' title='bbox 249 559 387 594; x_wconf 68' lang='lat' dir='ltr'>velles?</span> 
     </span>
    </p>

    <p class='ocr_par' dir='ltr' id='par_1_6' title="bbox 92 620 1145 722">
     <span class='ocr_line' id='line_1_8' title="bbox 92 620 1145 671; baseline -0.001 -13"><span class='ocrx_word' id='word_1_38' title='bbox 92 621 170 658; x_wconf 79' lang='lat' dir='ltr'>Eu.</span> <span class='ocrx_word' id='word_1_39' title='bbox 201 621 327 658; x_wconf 85' lang='lat' dir='ltr'>Etiam</span> <span class='ocrx_word' id='word_1_40' title='bbox 360 622 514 671; x_wconf 75' lang='lat' dir='ltr'>rogitaS‚</span> <span class='ocrx_word' id='word_1_41' title='bbox 545 622 704 658; x_wconf 84' lang='lat' dir='ltr'>sceleste</span> <span class='ocrx_word' id='word_1_42' title='bbox 737 621 861 668; x_wconf 90' lang='lat' dir='ltr'>homo,</span> <span class='ocrx_word' id='word_1_43' title='bbox 892 621 956 670; x_wconf 90' lang='lat' dir='ltr'>qui</span> <span class='ocrx_word' id='word_1_44' title='bbox 987 620 1145 671; x_wconf 81' lang='lat' dir='ltr'>angulos</span> 
     </span>
     <span class='ocr_line' id='line_1_9' title="bbox 248 686 371 722; baseline 0 0"><span class='ocrx_word' id='word_1_45' title='bbox 248 686 371 722; x_wconf 88' lang='lat' dir='ltr'>omnis</span> 
     </span>
    </p>

    <p class='ocr_par' dir='ltr' id='par_1_7' title="bbox 92 748 1144 850">
     <span class='ocr_line' id='line_1_10' title="bbox 92 748 1144 798; baseline -0.001 -12"><span class='ocrx_word' id='word_1_46' title='bbox 92 748 268 786; x_wconf 81' lang='lat' dir='ltr'>Mearum</span> <span class='ocrx_word' id='word_1_47' title='bbox 315 749 451 786; x_wconf 78' lang='lat' dir='ltr'>aedium</span> <span class='ocrx_word' id='word_1_48' title='bbox 489 757 525 786; x_wconf 91' lang='lat' dir='ltr'>et</span> <span class='ocrx_word' id='word_1_49' title='bbox 563 749 802 786; x_wconf 82' lang='lat' dir='ltr'>conclavium</span> <span class='ocrx_word' id='word_1_50' title='bbox 848 750 940 786; x_wconf 87' lang='lat' dir='ltr'>mihi</span> <span class='ocrx_word' id='word_1_51' title='bbox 977 749 1144 798; x_wconf 88' lang='lat' dir='ltr'>perviam</span> 
     </span>
     <span class='ocr_line' id='line_1_11' title="bbox 248 813 397 850; baseline 0 -1"><span class='ocrx_word' id='word_1_52' title='bbox 248 813 397 850; x_wconf 72' lang='lat' dir='ltr'>facitis?</span> 
     </span>
    </p>
   </div>
   <div class='ocr_carea' id='block_1_4' title="bbox 90 876 1202 1883">
    <p class='ocr_par' dir='ltr' id='par_1_8' title="bbox 90 876 1202 927">
     <span class='ocr_line' id='line_1_12' title="bbox 90 876 1202 927; baseline 0 -14"><span class='ocrx_word' id='word_1_53' title='bbox 90 876 135 914; x_wconf 94' lang='lat' dir='ltr'>Id</span> <span class='ocrx_word' id='word_1_54' title='bbox 155 877 219 913; x_wconf 90' lang='lat' dir='ltr'>ubi</span> <span class='ocrx_word' id='word_1_55' title='bbox 239 877 308 914; x_wconf 82' lang='lat' dir='ltr'>tibi</span> <span class='ocrx_word' id='word_1_56' title='bbox 330 885 408 914; x_wconf 80' lang='lat' dir='ltr'>erat</span> <span class='ocrx_word' id='word_1_57' title='bbox 428 878 636 927; x_wconf 78' lang='lat' dir='ltr'>negotium,</span> <span class='ocrx_word' id='word_1_58' title='bbox 661 878 705 914; x_wconf 85' lang='lat' dir='ltr'>ad</span> <span class='ocrx_word' id='word_1_59' title='bbox 726 878 853 914; x_wconf 85' lang='lat' dir='ltr'>focum</span> <span class='ocrx_word' id='word_1_60' title='bbox 875 878 906 914; x_wconf 89' lang='lat' dir='ltr'>si</span> <span class='ocrx_word' id='word_1_61' title='bbox 928 878 1090 924; x_wconf 81' lang='lat' dir='ltr'>adesses,</span> <span class='ocrx_word' id='word_1_62' title='bbox 1161 882 1202 913; x_wconf 79' lang='lat'>25</span> 
     </span>
    </p>

    <p class='ocr_par' dir='ltr' id='par_1_9' title="bbox 90 940 1144 1042">
     <span class='ocr_line' id='line_1_13' title="bbox 90 940 1144 990; baseline 0.001 -12"><span class='ocrx_word' id='word_1_63' title='bbox 90 940 182 978; x_wconf 92' lang='lat' dir='ltr'>Non</span> <span class='ocrx_word' id='word_1_64' title='bbox 202 942 314 978; x_wconf 84' lang='lat' dir='ltr'>fissile</span> <span class='ocrx_word' id='word_1_65' title='bbox 335 942 491 978; x_wconf 84' lang='lat' dir='ltr'>haberes</span> <span class='ocrx_word' id='word_1_66' title='bbox 513 949 636 990; x_wconf 84' lang='lat' dir='ltr'>caput.</span> <span class='ocrx_word' id='word_1_67' title='bbox 694 942 835 979; x_wconf 84' lang='lat' dir='ltr'>Merito</span> <span class='ocrx_word' id='word_1_68' title='bbox 856 943 892 979; x_wconf 92' lang='lat' dir='ltr'>id</span> <span class='ocrx_word' id='word_1_69' title='bbox 912 943 979 979; x_wconf 85' lang='lat' dir='ltr'>tibi</span> <span class='ocrx_word' id='word_1_70' title='bbox 1002 943 1144 979; x_wconf 82' lang='lat' dir='ltr'>factum</span> 
     </span>
     <span class='ocr_line' id='line_1_14' title="bbox 247 1012 313 1042; baseline -0.015 0"><span class='ocrx_word' id='word_1_71' title='bbox 247 1012 313 1042; x_wconf 88' lang='lat' dir='ltr'>est.</span> 
     </span>
    </p>

    <p class='ocr_par' dir='ltr' id='par_1_10' title="bbox 92 1068 1144 1181">
     <span class='ocr_line' id='line_1_15' title="bbox 92 1068 1144 1119; baseline 0.002 -14"><span class='ocrx_word' id='word_1_72' title='bbox 92 1068 202 1105; x_wconf 90' lang='lat' dir='ltr'>Adeo</span> <span class='ocrx_word' id='word_1_73' title='bbox 231 1076 271 1105; x_wconf 90' lang='lat' dir='ltr'>ut</span> <span class='ocrx_word' id='word_1_74' title='bbox 299 1076 338 1105; x_wconf 89' lang='lat' dir='ltr'>tu</span> <span class='ocrx_word' id='word_1_75' title='bbox 369 1081 489 1105; x_wconf 87' lang='lat' dir='ltr'>meam</span> <span class='ocrx_word' id='word_1_76' title='bbox 527 1070 750 1106; x_wconf 80' lang='lat' dir='ltr'>sententiam</span> <span class='ocrx_word' id='word_1_77' title='bbox 776 1070 854 1118; x_wconf 81' lang='lat' dir='ltr'>jam</span> <span class='ocrx_word' id='word_1_78' title='bbox 878 1070 956 1119; x_wconf 89' lang='lat' dir='ltr'>jam</span> <span class='ocrx_word' id='word_1_79' title='bbox 984 1082 1144 1107; x_wconf 86' lang='lat' dir='ltr'>noscere</span> 
     </span>
     <span class='ocr_line' id='line_1_16' title="bbox 248 1133 380 1181; baseline 0 -13"><span class='ocrx_word' id='word_1_80' title='bbox 248 1133 380 1181; x_wconf 87' lang='lat' dir='ltr'>possis,</span> 
     </span>
    </p>

    <p class='ocr_par' dir='ltr' id='par_1_11' title="bbox 93 1196 1143 1308">
     <span class='ocr_line' id='line_1_17' title="bbox 93 1196 1143 1248; baseline 0.004 -16"><span class='ocrx_word' id='word_1_81' title='bbox 93 1196 135 1233; x_wconf 83' lang='lat' dir='ltr'>Si</span> <span class='ocrx_word' id='word_1_82' title='bbox 165 1197 210 1233; x_wconf 88' lang='lat' dir='ltr'>ad</span> <span class='ocrx_word' id='word_1_83' title='bbox 235 1197 389 1246; x_wconf 83' lang='lat' dir='ltr'>januam</span> <span class='ocrx_word' id='word_1_84' title='bbox 419 1197 493 1233; x_wconf 87' lang='lat' dir='ltr'>huc</span> <span class='ocrx_word' id='word_1_85' title='bbox 523 1198 740 1244; x_wconf 80' lang='lat' dir='ltr'>accesseris,</span> <span class='ocrx_word' id='word_1_86' title='bbox 770 1198 843 1234; x_wconf 85' lang='lat' dir='ltr'>nisi</span> <span class='ocrx_word' id='word_1_87' title='bbox 872 1199 1030 1247; x_wconf 87' lang='lat' dir='ltr'>jussero,</span> <span class='ocrx_word' id='word_1_88' title='bbox 1059 1211 1143 1248; x_wconf 85' lang='lat' dir='ltr'>pro-</span> 
     </span>
     <span class='ocr_line' id='line_1_18' title="bbox 247 1261 343 1308; baseline 0.01 -12"><span class='ocrx_word' id='word_1_89' title='bbox 247 1261 343 1308; x_wconf 85' lang='lat' dir='ltr'>pius,</span> 
     </span>
    </p>

    <p class='ocr_par' dir='ltr' id='par_1_12' title="bbox 91 1323 983 1374">
     <span class='ocr_line' id='line_1_19' title="bbox 91 1323 983 1374; baseline 0.002 -14"><span class='ocrx_word' id='word_1_90' title='bbox 91 1323 176 1374; x_wconf 84' lang='lat' dir='ltr'>Ego</span> <span class='ocrx_word' id='word_1_91' title='bbox 197 1331 233 1360; x_wconf 86' lang='lat' dir='ltr'>te</span> <span class='ocrx_word' id='word_1_92' title='bbox 253 1325 387 1361; x_wconf 79' lang='lat' dir='ltr'>faciam</span> <span class='ocrx_word' id='word_1_93' title='bbox 411 1325 640 1361; x_wconf 78' lang='lat' dir='ltr'>miserrimus</span> <span class='ocrx_word' id='word_1_94' title='bbox 661 1326 828 1362; x_wconf 80' lang='lat' dir='ltr'>mortalis</span> <span class='ocrx_word' id='word_1_95' title='bbox 849 1326 900 1362; x_wconf 82' lang='lat' dir='ltr'>uti</span> <span class='ocrx_word' id='word_1_96' title='bbox 922 1327 983 1363; x_wconf 87' lang='lat' dir='ltr'>sis.</span> 
     </span>
    </p>

    <p class='ocr_par' dir='ltr' id='par_1_13' title="bbox 93 1387 1199 1490">
     <span class='ocr_line' id='line_1_20' title="bbox 93 1387 1142 1437; baseline 0.004 -13"><span class='ocrx_word' id='word_1_97' title='bbox 93 1387 180 1424; x_wconf 83' lang='lat' dir='ltr'>Scis</span> <span class='ocrx_word' id='word_1_98' title='bbox 202 1388 277 1437; x_wconf 83' lang='lat' dir='ltr'>jam</span> <span class='ocrx_word' id='word_1_99' title='bbox 307 1401 427 1425; x_wconf 81' lang='lat' dir='ltr'>meam</span> <span class='ocrx_word' id='word_1_100' title='bbox 455 1389 706 1426; x_wconf 68' lang='lat' dir='ltr'>sententiam?</span> <span class='ocrx_word' id='word_1_101' title='bbox 736 1402 809 1437; x_wconf 82' lang='lat' dir='ltr'>quo</span> <span class='ocrx_word' id='word_1_102' title='bbox 831 1391 935 1426; x_wconf 75' lang='lat' dir='ltr'>abis?</span> <span class='ocrx_word' id='word_1_103' title='bbox 964 1391 1044 1427; x_wconf 87' lang='lat' dir='ltr'>redi</span> <span class='ocrx_word' id='word_1_104' title='bbox 1064 1403 1142 1428; x_wconf 89' lang='lat' dir='ltr'>rur-</span> 
     </span>
     <span class='ocr_line' id='line_1_21' title="bbox 251 1458 1199 1490; baseline 0.003 -3"><span class='ocrx_word' id='word_1_105' title='bbox 251 1464 343 1488; x_wconf 85' lang='lat' dir='ltr'>sum.</span> <span class='ocrx_word' id='word_1_106' title='bbox 1159 1458 1199 1490; x_wconf 90' lang='grc'>30</span> 
     </span>
    </p>

    <p class='ocr_par' dir='ltr' id='par_1_14' title="bbox 96 1514 1140 1566">
     <span class='ocr_line' id='line_1_22' title="bbox 96 1514 1140 1566; baseline 0.006 -16"><span class='ocrx_word' id='word_1_107' title='bbox 96 1514 159 1550; x_wconf 79' lang='lat' dir='ltr'>Co.</span> <span class='ocrx_word' id='word_1_108' title='bbox 190 1514 247 1550; x_wconf 81' lang='lat' dir='ltr'>Ita</span> <span class='ocrx_word' id='word_1_109' title='bbox 267 1527 325 1551; x_wconf 86' lang='lat' dir='ltr'>me</span> <span class='ocrx_word' id='word_1_110' title='bbox 346 1515 440 1551; x_wconf 84' lang='lat' dir='ltr'>bene</span> <span class='ocrx_word' id='word_1_111' title='bbox 461 1523 557 1551; x_wconf 72' lang='lat' dir='ltr'>amet</span> <span class='ocrx_word' id='word_1_112' title='bbox 580 1515 760 1561; x_wconf 47' lang='lat' dir='ltr'>[iaz-erun,</span> <span class='ocrx_word' id='word_1_113' title='bbox 778 1524 814 1553; x_wconf 87' lang='lat' dir='ltr'>te</span> <span class='ocrx_word' id='word_1_114' title='bbox 829 1518 920 1566; x_wconf 86' lang='lat' dir='ltr'>jam,</span> <span class='ocrx_word' id='word_1_115' title='bbox 941 1518 1014 1555; x_wconf 89' lang='lat' dir='ltr'>nisi</span> <span class='ocrx_word' id='word_1_116' title='bbox 1034 1520 1140 1557; x_wconf 87' lang='lat' dir='ltr'>reddi</span> 
     </span>
    </p>

    <p class='ocr_par' dir='ltr' id='par_1_15' title="bbox 94 1578 1085 1627">
     <span class='ocr_line' id='line_1_23' title="bbox 94 1578 1085 1627; baseline 0.007 -14"><span class='ocrx_word' id='word_1_117' title='bbox 94 1578 192 1614; x_wconf 86' lang='lat' dir='ltr'>Mihi</span> <span class='ocrx_word' id='word_1_118' title='bbox 212 1591 298 1614; x_wconf 82' lang='lat' dir='ltr'>vasa</span> <span class='ocrx_word' id='word_1_119' title='bbox 315 1579 436 1627; x_wconf 79' lang='lat' dir='ltr'>jubes,</span> <span class='ocrx_word' id='word_1_120' title='bbox 457 1580 585 1627; x_wconf 70' lang='lat' dir='ltr'>pipulo</span> <span class='ocrx_word' id='word_1_121' title='bbox 606 1579 668 1615; x_wconf 84' lang='lat' dir='ltr'>hic</span> <span class='ocrx_word' id='word_1_122' title='bbox 689 1581 856 1617; x_wconf 79' lang='lat' dir='ltr'>differam</span> <span class='ocrx_word' id='word_1_123' title='bbox 880 1590 964 1619; x_wconf 85' lang='lat' dir='ltr'>ante</span> <span class='ocrx_word' id='word_1_124' title='bbox 984 1583 1085 1620; x_wconf 79' lang='lat' dir='ltr'>aedis.</span> 
     </span>
    </p>

    <p class='ocr_par' dir='ltr' id='par_1_16' title="bbox 91 1642 1140 1753">
     <span class='ocr_line' id='line_1_24' title="bbox 91 1642 1140 1694; baseline 0.008 -17"><span class='ocrx_word' id='word_1_125' title='bbox 91 1642 200 1681; x_wconf 82' lang='lat' dir='ltr'>Quid</span> <span class='ocrx_word' id='word_1_126' title='bbox 228 1654 299 1691; x_wconf 82' lang='lat' dir='ltr'>ego</span> <span class='ocrx_word' id='word_1_127' title='bbox 327 1655 429 1678; x_wconf 87' lang='lat' dir='ltr'>nunc</span> <span class='ocrx_word' id='word_1_128' title='bbox 459 1644 592 1689; x_wconf 55' lang='lat' dir='ltr'>aptam?</span> <span class='ocrx_word' id='word_1_129' title='bbox 621 1656 678 1680; x_wconf 76' lang='lat' dir='ltr'>nze</span> <span class='ocrx_word' id='word_1_130' title='bbox 707 1657 779 1693; x_wconf 80' lang='lat' dir='ltr'>ego</span> <span class='ocrx_word' id='word_1_131' title='bbox 807 1646 939 1694; x_wconf 85' lang='lat' dir='ltr'>edepol</span> <span class='ocrx_word' id='word_1_132' title='bbox 960 1647 1043 1683; x_wconf 87' lang='lat' dir='ltr'>veni</span> <span class='ocrx_word' id='word_1_133' title='bbox 1065 1649 1140 1685; x_wconf 88' lang='lat' dir='ltr'>huc</span> 
     </span>
     <span class='ocr_line' id='line_1_25' title="bbox 251 1705 548 1753; baseline 0.007 -13"><span class='ocrx_word' id='word_1_134' title='bbox 251 1705 418 1753; x_wconf 81' lang='lat' dir='ltr'>auspicio</span> <span class='ocrx_word' id='word_1_135' title='bbox 437 1707 548 1742; x_wconf 81' lang='lat' dir='ltr'>malo.</span> 
     </span>
    </p>

    <p class='ocr_par' dir='ltr' id='par_1_17' title="bbox 92 1768 1140 1883">
     <span class='ocr_line' id='line_1_26' title="bbox 92 1768 1140 1821; baseline 0.005 -14"><span class='ocrx_word' id='word_1_136' title='bbox 92 1768 263 1807; x_wconf 87' lang='lat' dir='ltr'>Nummo</span> <span class='ocrx_word' id='word_1_137' title='bbox 290 1782 371 1805; x_wconf 90' lang='lat' dir='ltr'>sum</span> <span class='ocrx_word' id='word_1_138' title='bbox 402 1770 635 1807; x_wconf 84' lang='lat' dir='ltr'>conductus:</span> <span class='ocrx_word' id='word_1_139' title='bbox 664 1772 747 1820; x_wconf 80' lang='lat' dir='ltr'>plus</span> <span class='ocrx_word' id='word_1_140' title='bbox 772 1772 848 1821; x_wconf 83' lang='lat' dir='ltr'>jam</span> <span class='ocrx_word' id='word_1_141' title='bbox 877 1774 1026 1811; x_wconf 87' lang='lat' dir='ltr'>medico</span> <span class='ocrx_word' id='word_1_142' title='bbox 1047 1787 1140 1812; x_wconf 90' lang='lat' dir='ltr'>mer-</span> 
     </span>
     <span class='ocr_line' id='line_1_27' title="bbox 250 1833 539 1883; baseline 0.003 -14"><span class='ocrx_word' id='word_1_143' title='bbox 250 1833 342 1870; x_wconf 83' lang='lat' dir='ltr'>cede</span> <span class='ocrx_word' id='word_1_144' title='bbox 361 1845 454 1883; x_wconf 91' lang='lat' dir='ltr'>opus</span> <span class='ocrx_word' id='word_1_145' title='bbox 475 1840 539 1870; x_wconf 90' lang='lat' dir='ltr'>est.</span> 
     </span>
    </p>
   </div>
  </div>
 </body>
</html>
