1277 2193
286 130 554 160 AMPHITRUO.
596 131 677 158 Αστ.
699 130 723 158 Ῑ.
750 129 851 159 Sem.
875 131 898 158 l.
1136 125 1187 162 29

59 227 135 266 Pro
171 229 234 266 fidi
271 229 449 267 Thebani
487 230 610 267 cives!
678 230 752 268 Me.
793 230 921 267 Etiam
953 229 1107 275 clamas,

217 295 422 332 earnufex‘?
1125 296 1187 327 220

58 357 260 407 Eloquere,
291 359 381 408 quid
409 360 570 397 venisti?
625 360 686 397 So.
724 359 775 398 Ut
802 367 900 397 esset
928 372 1040 409 quem
1067 366 1108 396 tu

213 424 350 473 pugnis
371 425 546 462 caederes.

56 488 131 526 Me.
170 488 290 538 Cujus
310 490 377 526 es?
431 489 493 526 So.
528 490 831 538 Amphitruonis,
852 490 1019 538 inquam,
1040 489 1108 526 So-

214 554 278 590 sia.
336 554 409 591 Me.
449 554 552 604 Ergo
574 554 669 591 istoc
690 554 821 604 magis,

54 617 162 657 Quia
194 619 430 667 vaniloquus,
463 619 676 667 vapulabis:
715 631 786 669 ego
819 631 915 666 sum,
947 631 1023 656 non
1052 625 1105 664 tu,

214 683 333 720 Sosia.

55 747 118 784 So.
157 747 215 784 Ita
233 748 285 784 dii
307 748 457 794 faciant,
479 755 519 785 ut
539 755 578 785 tu
598 748 723 797 potius
747 748 812 794 sis,
834 754 945 796 atque
973 759 1044 797 ego
1069 754 1107 784 te

211 819 251 848 ut
270 813 473 849 verberem.

53 876 127 913 Me.
167 876 293 913 Etiam
313 878 469 914 muttis'?
516 878 578 914 So.
610 877 696 914 Jam
715 877 862 914 tacebo.
901 877 975 914 Me.
1004 876 1106 916 Quis

210 941 279 978 tibi
300 941 468 978 heru'st!
525 941 586 978 So.
624 941 754 981 Quem
774 949 815 978 tu
835 941 946 978 voles.
1122 949 1184 980 225

54 1006 127 1043 Me.
164 1006 273 1046 Quid
293 1006 432 1055 igitur?
462 1006 645 1054 quinunc
660 1007 822 1042 vocare?
860 1005 922 1042 So.
954 1005 1102 1051 Nemo3

210 1069 284 1106 nisi
305 1082 415 1117 quem
433 1070 599 1118 jusseris.

54 1134 128 1171 Me.
167 1134 456 1182 Amphitruonis
484 1140 521 1170 te
549 1145 630 1170 esse
659 1133 785 1170 aiebas
814 1134 973 1171 Sosiam.
1039 1135 1102 1172 So.

210 1197 462 1234 Peccaveram
478 1210 484 1233 :

53 1261 156 1300 Nam
189 1262 479 1311 Amphitruonis
512 1261 658 1298 socium
695 1275 753 1298 nae
791 1275 852 1299 me
888 1275 970 1300 esse
1002 1264 1103 1300 volui

210 1327 348 1364 dicere.

54 1391 128 1428 Me.
167 1391 346 1428 Sciebam
375 1390 549 1439 equidem
582 1391 728 1427 nullum
760 1404 842 1429 esse
874 1392 998 1439 nobis,
1029 1393 1102 1430 nisi

210 1467 283 1501 me,
303 1467 448 1492 servom
470 1455 628 1492 Sosiam.

55 1519 172 1569 Fugit
190 1526 227 1556 te
246 1520 352 1556 ratio.
409 1520 471 1556 So.
510 1519 546 1556 Ο
575 1520 717 1556 utinam
739 1520 838 1557 istuc
856 1521 974 1571 pugni
995 1522 1103 1559 fecis-

212 1591 294 1620 sent
312 1584 367 1621 tui
384 1585 391 1620 !
1118 1591 1180 1623 230

54 1647 128 1685 Me.
167 1647 252 1698 Ego
281 1660 364 1684 sum
394 1648 504 1685 Sosia
533 1648 608 1695 ille,
638 1661 748 1697 quem
777 1656 817 1686 tu
848 1649 990 1687 dudum
1019 1664 1102 1689 esse

212 1712 337 1749 aiebas
356 1712 458 1748 mihi.

54 1775 118 1813 So.
155 1775 327 1813 Obsecro
354 1788 419 1824 per
447 1788 580 1825 pacem
607 1777 720 1814 liceat
747 1784 783 1815 te
811 1778 963 1828 alloqui,
984 1786 1025 1816 ut
1051 1792 1100 1817 ne

209 1840 392 1889 vapulem.

54 1902 128 1942 Me.
165 1903 289 1941 Immo
316 1904 480 1943 indueiae
507 1918 705 1957 parumper
733 1906 836 1955 fiant,
864 1907 896 1945 si
925 1907 1015 1958 quid
1042 1907 1098 1945 vis

210 1968 323 2019 loqui.

365 2034 424 2072 3*
