1277 2193
259 104 520 133 AULULAmA.
563 106 643 134 ACT.
666 106 705 134 11.
734 106 835 134 Sem.
855 104 883 132 9..
1103 91 1178 130 109

45 203 203 251 Semper
233 215 316 239 sum
347 204 559 250 arbitratus,
590 212 627 242 et
659 217 761 241 nunc,
792 203 962 240 arbitror.
1017 200 1097 239 Eu.

201 267 348 303 Aurum
371 268 460 304 huie
481 269 565 305 olet.

43 331 152 370 Quid
172 344 274 368 nuno
295 345 354 368 me
374 332 454 368 vis?
511 334 583 370 Me.
612 334 810 373 Quoniam
829 340 868 370 tu
886 344 959 380 me,
975 339 1013 370 et
1027 344 1099 383 ego

201 404 238 432 te
258 397 377 444 qualis
397 397 460 442 sis,
483 398 584 433 scio:
1115 403 1157 435 40

42 459 144 499 Quae
173 473 233 496 res
261 470 363 497 reete
392 468 524 507 vortat,
555 462 734 510 mihique,
764 462 920 511 tibique,
949 468 1100 511 tuaeque

201 524 300 570 filiae,

46 588 183 624 Filiam
213 596 314 625 tuam
345 590 436 626 mihi
466 603 621 626 uxorem
649 603 785 639 poseo:
818 590 994 640 promitte
1026 590 1100 628 hoc

203 653 292 690 fore.

45 716 123 753 Eu.
156 717 256 753 Heia
271 718 277 753 !
310 717 530 767 Megadore,
548 719 649 754 haud
664 719 845 755 decorum
861 719 1009 756 facinus
1023 718 1099 756 tuis

202 781 310 817 factis
332 782 437 828 facis,

44 843 95 882 Ut
113 844 263 894 inopem
286 852 396 894 atque
416 846 611 883 innoxium
634 847 699 884 abs
719 854 769 894 te,
791 853 903 895 atque
932 847 997 884 abs
1023 846 1100 884 tuis

201 922 261 946 me
282 911 450 948 irrideas.

45 971 146 1008 Nam
167 973 214 1009 de
233 981 269 1009 te
289 987 412 1021 neque
432 987 484 1019 re,
502 987 625 1022 neque
646 974 768 1011 verbis
787 974 922 1022 merui,
942 981 983 1011 ut
1002 975 1101 1012 face-

203 1050 262 1073 res
283 1039 382 1085 quod
404 1039 507 1074 facis.
1115 1043 1159 1075 45

47 1101 122 1138 Me.
154 1100 291 1149 Neque
318 1102 451 1150 edepol
482 1114 553 1151 ego
583 1109 620 1138 te
648 1102 813 1139 derisum
833 1103 956 1150 venio,
976 1114 1102 1152 neque

202 1165 378 1202 derideo:

46 1230 183 1278 Neque
212 1229 369 1279 dignum
400 1229 569 1266 arbitror.
626 1229 705 1266 Eu.
735 1230 815 1266 Cur
841 1230 956 1280 igitur
973 1230 1101 1281 poscis

203 1306 325 1330 meam
345 1301 495 1343 gnatam
517 1293 613 1330 tibi?

47 1357 122 1395 Me.
152 1357 202 1394 Ut
221 1364 372 1406 propter
393 1370 452 1394 me
472 1358 540 1393 tibi
569 1358 617 1394 sit
636 1358 784 1404 melius,
805 1358 974 1407 mihique
992 1369 1102 1409 prop-

207 1428 262 1457 ter
282 1429 318 1458 te
338 1429 375 1458 et
395 1429 490 1458 tuos,

48 1486 127 1523 Ειι.
158 1485 274 1522 Venit
301 1485 374 1522 hoo
402 1485 509 1531 mihi,
539 1484 760 1535 Megadore,
789 1486 829 1523 in
857 1493 1036 1534 mentem,
1063 1494 1102 1526 te

206 1561 288 1585 esse
308 1549 499 1586 hominem
519 1549 686 1596 divitem,

50 1613 292 1658 Factiosum3
323 1625 383 1649 me
403 1613 492 1650 item
509 1613 699 1650 hominem
718 1627 927 1664 pauperum
944 1628 1103 1667 pauper·

208 1677 356 1713 timum.
407 1669 414 1674 ’ἡ
1116 1695 1159 1728 50

51 1740 169 1779 Nunc
197 1741 229 1777 si
257 1741 373 1778 filiam
399 1741 579 1778 locassim
607 1754 730 1780 meam
759 1743 842 1792 tibi,
868 1743 909 1782 in
935 1751 1102 1784 mentem

208 1813 322 1851 vemt,

51 1869 114 1908 Te
138 1869 272 1907 bovem
300 1882 395 1916 esse,
415 1876 454 1907 et
478 1882 540 1907 me
567 1883 649 1909 esse
677 1871 854 1911 asellum:
882 1872 948 1913 ubi
974 1879 1102 1911 tecum

210 1934 439 1984 conjunctus
458 1935 564 1983 siem,

211 2011 233 2035 P
373 1999 420 2036 10
