1277 2193
258 103 520 132 AULULAmA.
561 104 642 132 Aer.
665 102 704 131 11.
732 102 832 131 Sem«.
853 102 881 129 ε.
1101 92 1178 131 107

41 200 116 238 Me.
146 200 213 238 Pol
234 201 265 238 si
285 209 341 238 est
362 203 509 239 animus
529 215 657 251 aequus
677 201 758 248 tibi,
775 200 864 237 satis
884 199 1014 245 habes,
1031 197 1097 247 qui

201 266 296 302 bene
317 267 430 303 vitam
451 267 564 304 colas.
1117 268 1156 299 10

42 327 121 364 Eu.
157 329 268 365 Anus
296 329 423 365 hercle
452 330 542 366 huic
576 328 760 366 indicium
789 327 879 365 fecit
907 327 954 364 de
983 337 1095 363 auro:

198 393 399 441 perspicue
417 394 540 442 palam
560 400 625 430 est.

43 456 117 493 Cui
138 469 209 506 ego
225 457 302 505 jam
320 457 488 506 linguam
508 457 725 506 praecidam,
747 463 858 505 atque
886 455 1019 492 oculos
1046 454 1099 492 ef-

205 521 344 557 fodiam
365 521 480 558 domi.

44 583 118 622 Me.
147 584 255 624 Quid
276 592 316 621 tu
342 586 444 622 solus
472 592 599 622 tecum
625 585 805 634 loquere?
860 584 939 621 Eu.
969 583 1099 622 Meam

202 650 420 698 pauperiem
440 662 663 698 conqueror.

44 713 244 764 Virginem
265 713 386 750 habeo
405 714 599 763 grandem,
621 714 708 750 dote
737 725 895 760 cassam,
919 720 1030 762 atque
1057 712 1100 750 il-

201 777 416 824 locabilem,

44 840 182 890 Neque
214 854 297 878 eam
329 854 426 890 queo
455 842 582 879 locare
611 841 799 891 cuiquam.
854 841 929 879 Me.
963 841 1097 879 Tace:

203 906 344 942 bonum
365 906 462 943 habe
482 906 662 951 animum,
683 906 844 943 Euclio:
1117 902 1158 935 15

45 969 229 1006 Dabitur:
262 970 484 1020 adjuvabere
506 983 526 1006 a
545 982 625 1006 me:
657 970 719 1006 dic
739 970 770 1006 si
795 970 885 1019 quid
905 982 1001 1019 opus
1028 976 1098 1017 est,

204 1034 356 1082 impera.

46 1097 124 1134 Eu.
154 1097 272 1134 Nunc
296 1097 402 1146 petit,
424 1109 538 1146 quom
564 1098 787 1147 pollicetur:
817 1097 938 1135 inhiat
966 1110 1100 1135 aurum

204 1169 245 1198 ut
264 1162 428 1198 devoret.

46 1226 179 1264 Altera
199 1238 313 1262 manu
334 1226 404 1262 fert
422 1226 598 1275 lapidem,
619 1238 754 1275 panem
774 1232 936 1263 ostentat
957 1226 1084 1264 altera.

47 1290 204 1328 Nemini
224 1290 352 1336 credo,
373 1290 437 1338 qui
457 1290 561 1339 large
581 1289 770 1326 blandu'st
790 1290 894 1327 dives
912 1290 1081 1340 pauperi.

47 1354 123 1392 Ubi
152 1367 305 1391 manum
335 1354 459 1404 injicit
486 1354 662 1404 benigne,
694 1353 747 1391 ibi
776 1361 908 1391 onerat
937 1354 1101 1403 aliquam

209 1418 380 1455 zamiam.
1117 1420 1158 1452 20

49 1482 134 1533 Ego
154 1482 245 1519 istos
269 1482 357 1518 novi
376 1483 546 1531 polyp05‚
568 1482 632 1531 qui
660 1483 732 1520 sibi
761 1483 941 1532 quicquid
969 1482 1102 1534 tetige-

207 1546 295 1591 rint,
315 1552 455 1583 tenent.

49 1610 123 1648 Me.
154 1609 215 1647 Da
233 1609 325 1646 mihi
344 1601 495 1659 operam
509 1623 719 1660 parumper.
775 1610 927 1659 Paucis,
947 1611 1101 1659 Euclio,

206 1680 263 1710 est
282 1673 382 1722 quod
400 1680 438 1710 te
456 1674 541 1710 volo

50 1737 110 1776 De
130 1737 323 1775 communi
342 1749 382 1775 re
402 1737 600 1786 appellare,
619 1738 704 1775 mea
730 1744 767 1775 et
784 1738 861 1776 tua.
915 1738 994 1777 Eu.
1024 1738 1102 1778 Hei

208 1800 345 1838 misero
363 1801 478 1838 mihi!

52 1866 200 1905 Aurum
235 1865 327 1902 mihi
360 1865 461 1902 intus
493 1865 738 1917 harpagatum
770 1873 835 1905 est.
892 1866 931 1906 N
935 1878 1010 1906 uno
1037 1864 1101 1908 hio

208 1942 290 1968 eam
309 1942 388 1968 rem
406 1930 495 1977 volt,
514 1930 608 1978 scio,
