1277 2193
75 121 127 158 48
369 126 640 156 AMPHITRUO.
681 127 763 155 Αοτ.
785 127 825 156 11.
853 127 954 156 Sem.
975 128 1002 156 2.

95 231 136 263 25
154 225 234 262 Eos
263 225 433 275 auspicio
460 238 546 263 meo
576 232 686 274 atque
706 225 823 263 ductu
852 227 974 276 primo
1001 234 1102 264 coetu
1120 227 1211 265 vici-

311 304 416 328 mus:

153 355 268 392 Certe
296 355 399 393 enim
426 368 487 393 me
515 355 570 392 illi
598 362 838 405 expectatum
861 363 989 406 optato
1009 363 1209 394 venturum

310 420 401 457 scio.

152 485 215 521 So.
245 485 352 524 Quid
382 497 442 521 me
470 497 547 521 non
566 497 649 522 rere
669 493 908 535 expectatum
929 486 1059 523 amicae
1079 494 1209 524 ventu-

309 562 393 586 rum
413 551 534 586 meae'?

151 613 217 650 Al.
256 613 368 650 Meus
400 614 455 651 vir
487 614 551 651 hio
585 614 738 663 quidem
771 622 838 652 est.
909 615 995 652 Am.
1039 616 1208 665 Sequere

311 678 382 715 hac
402 685 440 715 tu
462 691 532 715 me.
589 679 654 715 Al.
685 679 786 715 Nam
804 679 893 728 quid
910 680 973 717 ille
993 680 1206 726 revortitur,

149 742 233 782 Qui
263 743 406 779 dudum
435 756 636 792 properare
666 756 748 780 sese
780 744 931 793 ajebat?
971 757 1018 780 an
1051 744 1115 781 ille
1145 756 1206 781 me

307 814 426 844 tentat
444 807 595 843 sciens?

90 875 130 907 30
150 871 277 920 Atque
297 872 328 908 si
349 872 387 908 id
407 871 482 908 volt
502 871 676 920 experiri,
697 885 808 908 suum
838 872 981 908 abitum
1002 879 1043 908 ut
1062 871 1207 909 deside-

305 949 398 982 rem,

149 1000 309 1037 Ecastor
329 1001 415 1038 med
436 1001 536 1037 haud
558 1001 675 1037 invita
694 1013 734 1037 se
754 1001 909 1037 domum
930 1001 1067 1049 recipit
1085 1014 1202 1039 suam.

147 1065 210 1101 So.
242 1066 486 1114 Amphitruo,
520 1065 644 1101 redire
678 1065 722 1101 ad
755 1077 890 1101 navem
923 1065 1088 1101 meliu'st
1121 1078 1202 1102 nos.

304 1130 389 1167 Am.
418 1130 512 1169 Qua
531 1129 678 1179 gratia?

147 1194 208 1231 So.
245 1195 353 1234 Quia
381 1195 483 1231 domi
513 1195 668 1230 daturus
696 1206 809 1230 nemo
838 1201 894 1230 est
920 1194 1121 1242 prandium
1143 1193 1203 1230 ad-

302 1259 551 1295 venientibus.

144 1321 230 1361 Am.
259 1322 341 1363 Qui
362 1323 430 1359 tibi
457 1323 554 1359 istuc
575 1322 613 1358 in
633 1329 798 1359 mentem
818 1322 946 1359 venit?
1001 1322 1064 1358 So.
1093 1322 1202 1362 Quia

302 1388 404 1424 enim
425 1400 509 1424 sero
530 1387 762 1424 advenimus.

201 1465 1142 1490 *‡*‡****‡=ze**

144 1518 230 1555 Am.
270 1517 500 1567 Amphitruo
527 1529 683 1553 uxorem
712 1516 849 1553 salutat
876 1517 984 1553 laetus
1013 1524 1197 1565 speratam

301 1595 421 1628 suam,

85 1656 127 1686 45
143 1647 274 1686 Quam
303 1647 474 1684 omnium
501 1646 649 1683 Thebis
676 1646 731 1683 vir
760 1659 873 1682 unam
904 1658 986 1683 esse
1018 1645 1198 1695 optimam

302 1711 496 1761 dijudicat,

143 1775 349 1825 Quamque
383 1776 476 1812 adeo
510 1775 612 1812 cives
645 1775 823 1812 Thebani
856 1787 944 1812 vero
982 1774 1197 1811 rumifieant

302 1841 469 1889 probam.

145 1904 345 1942 Valuistin'
387 1906 530 1953 usque?
572 1911 842 1953 expectatusne
879 1904 1064 1941 advenio?
1129 1903 1193 1940 So.

302 1969 417 2007 Haud
437 1969 514 2007 vidi
533 1969 653 2019 magis
