1277 2193
57 108 110 146 84
391 121 406 128 ··
447 120 458 127 ’-
491 115 669 145 HITRUO.
709 114 910 144 SUPPOS1TA.

135 212 195 250 Et
221 213 387 263 Taphios
415 214 454 251 vi
478 214 564 261 vici,
584 220 617 251 et
637 213 776 250 summa
804 226 925 263 regem
953 212 1091 249 virtute
1119 211 1193 249 bel·

292 277 378 316 lica.

133 343 263 380 Illisce
273 342 436 393 praefeci
458 343 673 392 Cephalum,
693 343 823 392 magni
842 341 1151 392 Deioneifilium.

133 407 157 444 J
162 420 195 444 u.
226 407 317 457 Ego
345 408 438 445 idem
467 408 628 445 latrones
647 408 765 444 hostes
787 407 875 444 bello
894 413 929 444 et
948 407 1086 444 virtute
1107 419 1188 444 con-

289 472 383 508 tudi.

132 535 394 585 Electryonem
406 537 668 586 perdiderant,
684 542 819 573 nostrce
839 541 873 573 ct
889 548 1085 585 germanos
1105 548 1186 572 con-

275 600 404 649 jugis,

72 672 114 703 55
131 663 332 712 Achaiam,
352 665 555 712 AEtoliam‚
576 664 792 711 Phocidem,
818 678 887 714 per
903 663 1019 714 freta
1036 664 1185 701 Ionium

288 735 320 766 et
341 729 510 778 AEgeum
530 735 564 767 et
587 729 774 767 Creticum

138 793 295 841 Vagati,
315 794 354 830 vi
381 794 573 831 vertebant
595 793 780 843 piratica.
837 793 924 830 Am.
955 793 1017 830 Di
1042 794 1184 830 immor-

284 859 405 895 tales!
434 858 594 894 mihimet

126 921 216 959 IVon
235 922 354 968 credo,
375 922 433 959 ita
451 922 586 967 omnia,
607 921 817 972 quoefacta
836 922 928 968 illic,
948 935 988 958 ez
1008 922 1182 958 amussim

285 987 460 1035 loquitur.
527 986 631 1032 Vide,

126 1049 330 1100 Blepharo.
389 1050 445 1087 Bl.
484 1050 602 1086 Unum
629 1056 819 1100 superest:
847 1050 891 1087 id
907 1050 941 1086 si
956 1048 1070 1099 fuat,
1091 1049 1181 1086 Am-

275 1114 618 1164 phitruonesfitote
634 1115 787 1163 gemini.

126 1179 187 1216 Ju.
222 1179 333 1223 Quid
357 1180 476 1225 dicas,
496 1180 606 1216 novi:
635 1180 844 1216 cicatricem
873 1179 913 1215 in
941 1178 1067 1216 dextro
1085 1191 1179 1216 mus-

282 1244 362 1280 culo
381 1257 421 1280 ez
441 1244 524 1279 illoc
544 1244 687 1280 volnere

67 1316 107 1348 60
130 1307 246 1353 Quod
269 1307 360 1344 mihi
386 1307 545 1355 impegit
575 1307 741 1343 Pterela.
799 1306 855 1343 Bl.
886 1305 989 1343 Eam
1017 1307 1174 1356 quidem.

282 1371 368 1408 Am.
398 1371 593 1420 Apposite.
651 1370 712 1407 Ju.
751 1370 911 1407 Viden'?
941 1384 984 1407 en
1004 1372 1138 1421 aspice.

125 1437 181 1474 Bl.
220 1436 412 1485 Detegite‚
441 1435 633 1485 aspiciam.
708 1434 731 1471 J
736 1447 769 1471 u.
807 1434 1040 1482 Detezimus,
1079 1436 1172 1474 vide.

281 1500 336 1537 Bl.
371 1500 547 1550 Supreme
565 1499 757 1549 Juppiter‚

127 1564 239 1610 Quid
255 1565 426 1602 intueor!
455 1565 604 1614 utrique
623 1564 664 1600 in
689 1564 849 1600 musculo
877 1563 1034 1611 deztero,
1055 1564 1173 1603 eodem

277 1629 318 1665 in
338 1629 425 1675 loco,

123 1692 245 1742 Signo
260 1693 376 1731 eodem
391 1699 550 1743 apparet
561 1693 690 1743 probe,
706 1698 748 1729 ut
760 1692 924 1743 primum
943 1692 1055 1730 coivit
1075 1692 1171 1730 cica-

279 1758 355 1794 triz
373 1757 520 1807 rufula,

122 1821 342 1859 Sublurida.
399 1821 585 1860 Rationes
593 1821 741 1872 jacent,
749 1821 939 1872 judicium
959 1821 1056 1868 silet,
1077 1820 1171 1871 quid

277 1898 390 1935 agam
408 1886 536 1924 nescio.
