<?xml version="1.0" encoding="UTF-8"?>
<!DOCTYPE html PUBLIC "-//W3C//DTD XHTML 1.0 Transitional//EN"
    "http://www.w3.org/TR/xhtml1/DTD/xhtml1-transitional.dtd">
<html xmlns="http://www.w3.org/1999/xhtml" xml:lang="en" lang="en">
 <head>
  <title>
</title>
<meta http-equiv="Content-Type" content="text/html;charset=utf-8" />
  <meta name='ocr-system' content='tesseract 3.04.00' />
  <meta name='ocr-capabilities' content='ocr_page ocr_carea ocr_par ocr_line ocrx_word'/>
</head>
<body>
  <div class='ocr_page' id='page_1' title='image "amphitruoetaulul00plauuoft_0071.png"; bbox 0 0 1277 2193; ppageno 0'>
   <div class='ocr_carea' id='block_1_1' title="bbox 280 123 1202 161">
    <p class='ocr_par' dir='ltr' id='par_1_1' title="bbox 280 123 1202 161">
     <span class='ocr_line' id='line_1_1' title="bbox 280 123 1202 161; baseline -0.001 -1"><span class='ocrx_word' id='word_1_1' title='bbox 280 131 548 161; x_wconf 72' lang='lat' dir='ltr'>AMPHITRUO.</span> <span class='ocrx_word' id='word_1_2' title='bbox 590 131 670 160; x_wconf 74' lang='lat' dir='ltr'>Ac-r.</span> <span class='ocrx_word' id='word_1_3' title='bbox 693 131 748 161; x_wconf 90' lang='lat'>111.</span> <span class='ocrx_word' id='word_1_4' title='bbox 776 132 876 161; x_wconf 67' lang='lat' dir='ltr'>Sem.</span> <span class='ocrx_word' id='word_1_5' title='bbox 897 132 924 160; x_wconf 77' lang='lat'>2.</span> <span class='ocrx_word' id='word_1_6' title='bbox 1151 123 1202 160; x_wconf 90' lang='lat'>65</span> 
     </span>
    </p>
   </div>
   <div class='ocr_carea' id='block_1_2' title="bbox 73 229 1191 2069">
    <p class='ocr_par' dir='ltr' id='par_1_2' title="bbox 74 229 999 280">
     <span class='ocr_line' id='line_1_2' title="bbox 74 229 999 280; baseline 0.001 -14"><span class='ocrx_word' id='word_1_7' title='bbox 74 229 141 267; x_wconf 90' lang='lat' dir='ltr'>Me</span> <span class='ocrx_word' id='word_1_8' title='bbox 160 243 282 267; x_wconf 88' lang='lat' dir='ltr'>meam</span> <span class='ocrx_word' id='word_1_9' title='bbox 301 231 479 280; x_wconf 88' lang='lat' dir='ltr'>pudicam</span> <span class='ocrx_word' id='word_1_10' title='bbox 499 243 580 268; x_wconf 81' lang='lat' dir='ltr'>esse</span> <span class='ocrx_word' id='word_1_11' title='bbox 600 243 754 268; x_wconf 84' lang='lat' dir='ltr'>uxorem</span> <span class='ocrx_word' id='word_1_12' title='bbox 776 230 999 268; x_wconf 81' lang='lat' dir='ltr'>arbitrarier.</span> 
     </span>
    </p>

    <p class='ocr_par' dir='ltr' id='par_1_3' title="bbox 74 294 922 345">
     <span class='ocr_line' id='line_1_3' title="bbox 74 294 922 345; baseline 0.001 -14"><span class='ocrx_word' id='word_1_13' title='bbox 74 294 118 331; x_wconf 92' lang='lat' dir='ltr'>Id</span> <span class='ocrx_word' id='word_1_14' title='bbox 138 307 209 345; x_wconf 84' lang='lat' dir='ltr'>ego</span> <span class='ocrx_word' id='word_1_15' title='bbox 230 295 260 331; x_wconf 83' lang='lat' dir='ltr'>si</span> <span class='ocrx_word' id='word_1_16' title='bbox 281 296 380 340; x_wconf 89' lang='lat' dir='ltr'>fallo,</span> <span class='ocrx_word' id='word_1_17' title='bbox 401 303 480 331; x_wconf 88' lang='lat' dir='ltr'>tum</span> <span class='ocrx_word' id='word_1_18' title='bbox 500 302 549 341; x_wconf 88' lang='lat' dir='ltr'>te,</span> <span class='ocrx_word' id='word_1_19' title='bbox 571 307 716 332; x_wconf 83' lang='lat' dir='ltr'>summe</span> <span class='ocrx_word' id='word_1_20' title='bbox 735 295 922 344; x_wconf 81' lang='lat' dir='ltr'>Juppiter‚</span> 
     </span>
    </p>

    <p class='ocr_par' dir='ltr' id='par_1_4' title="bbox 73 359 991 409">
     <span class='ocr_line' id='line_1_4' title="bbox 73 359 991 409; baseline -0.002 -11"><span class='ocrx_word' id='word_1_21' title='bbox 73 359 231 405; x_wconf 80' lang='lat' dir='ltr'>Quaeso,</span> <span class='ocrx_word' id='word_1_22' title='bbox 253 360 522 408; x_wconf 84' lang='lat' dir='ltr'>Amphitruoni</span> <span class='ocrx_word' id='word_1_23' title='bbox 544 367 584 396; x_wconf 90' lang='lat' dir='ltr'>ut</span> <span class='ocrx_word' id='word_1_24' title='bbox 604 372 748 409; x_wconf 83' lang='lat' dir='ltr'><strong>semper</strong></span> <span class='ocrx_word' id='word_1_25' title='bbox 770 360 887 396; x_wconf 87' lang='lat' dir='ltr'>iratus</span> <span class='ocrx_word' id='word_1_26' title='bbox 907 360 991 396; x_wconf 87' lang='lat' dir='ltr'>sies.</span> 
     </span>
    </p>

    <p class='ocr_par' dir='ltr' id='par_1_5' title="bbox 74 424 1105 473">
     <span class='ocr_line' id='line_1_5' title="bbox 74 424 1105 473; baseline 0 -13"><span class='ocrx_word' id='word_1_27' title='bbox 74 424 138 461; x_wconf 82' lang='lat' dir='ltr'>Al.</span> <span class='ocrx_word' id='word_1_28' title='bbox 170 425 252 461; x_wconf 89' lang='lat' dir='ltr'>Ah!</span> <span class='ocrx_word' id='word_1_29' title='bbox 282 424 466 473; x_wconf 82' lang='lat' dir='ltr'>propitius</span> <span class='ocrx_word' id='word_1_30' title='bbox 485 424 533 460; x_wconf 83' lang='lat' dir='ltr'>sit</span> <span class='ocrx_word' id='word_1_31' title='bbox 552 424 686 472; x_wconf 85' lang='lat' dir='ltr'>potius.</span> <span class='ocrx_word' id='word_1_32' title='bbox 741 424 805 460; x_wconf 78' lang='lat' dir='ltr'>Jn.</span> <span class='ocrx_word' id='word_1_33' title='bbox 835 424 996 460; x_wconf 88' lang='lat' dir='ltr'>Confide</span> <span class='ocrx_word' id='word_1_34' title='bbox 1016 424 1105 460; x_wconf 84' lang='lat' dir='ltr'>fore.</span> 
     </span>
    </p>

    <p class='ocr_par' dir='ltr' id='par_1_6' title="bbox 74 488 1183 538">
     <span class='ocr_line' id='line_1_6' title="bbox 74 488 1183 538; baseline -0.002 -13"><span class='ocrx_word' id='word_1_35' title='bbox 74 488 176 525; x_wconf 87' lang='lat' dir='ltr'>Nam</span> <span class='ocrx_word' id='word_1_36' title='bbox 191 489 451 538; x_wconf 84' lang='lat' dir='ltr'>jusjurandum</span> <span class='ocrx_word' id='word_1_37' title='bbox 472 501 600 525; x_wconf 80' lang='lat' dir='ltr'>verum</span> <span class='ocrx_word' id='word_1_38' title='bbox 622 497 658 525; x_wconf 88' lang='lat' dir='ltr'>te</span> <span class='ocrx_word' id='word_1_39' title='bbox 679 489 875 525; x_wconf 81' lang='lat' dir='ltr'>advorsum</span> <span class='ocrx_word' id='word_1_40' title='bbox 895 488 993 525; x_wconf 86' lang='lat' dir='ltr'>dedi.</span> <span class='ocrx_word' id='word_1_41' title='bbox 1142 493 1183 523; x_wconf 87' lang='lat'>55</span> 
     </span>
    </p>

    <p class='ocr_par' dir='ltr' id='par_1_7' title="bbox 75 552 1123 654">
     <span class='ocr_line' id='line_1_7' title="bbox 75 552 1123 590; baseline -0.001 -1"><span class='ocrx_word' id='word_1_42' title='bbox 75 553 162 589; x_wconf 88' lang='lat' dir='ltr'>Jam</span> <span class='ocrx_word' id='word_1_43' title='bbox 191 566 294 589; x_wconf 80' lang='lat' dir='ltr'>nuno</span> <span class='ocrx_word' id='word_1_44' title='bbox 325 553 418 589; x_wconf 89' lang='lat' dir='ltr'>irata</span> <span class='ocrx_word' id='word_1_45' title='bbox 447 566 523 590; x_wconf 89' lang='lat' dir='ltr'>non</span> <span class='ocrx_word' id='word_1_46' title='bbox 554 554 619 590; x_wconf 78' lang='lat' dir='ltr'>es?</span> <span class='ocrx_word' id='word_1_47' title='bbox 684 553 748 589; x_wconf 82' lang='lat' dir='ltr'>Al.</span> <span class='ocrx_word' id='word_1_48' title='bbox 778 552 869 589; x_wconf 90' lang='lat' dir='ltr'>Non</span> <span class='ocrx_word' id='word_1_49' title='bbox 899 565 993 589; x_wconf 89' lang='lat' dir='ltr'>sum.</span> <span class='ocrx_word' id='word_1_50' title='bbox 1058 552 1123 589; x_wconf 84' lang='lat' dir='ltr'>Ju.</span> 
     </span>
     <span class='ocr_line' id='line_1_8' title="bbox 234 617 460 654; baseline 0 -1"><span class='ocrx_word' id='word_1_51' title='bbox 234 617 337 654; x_wconf 80' lang='lat' dir='ltr'>Bene</span> <span class='ocrx_word' id='word_1_52' title='bbox 358 618 460 653; x_wconf 75' lang='lat' dir='ltr'>facis.</span> 
     </span>
    </p>

    <p class='ocr_par' dir='ltr' id='par_1_8' title="bbox 75 680 1128 782">
     <span class='ocr_line' id='line_1_9' title="bbox 75 680 1128 731; baseline 0 -14"><span class='ocrx_word' id='word_1_53' title='bbox 75 680 176 718; x_wconf 88' lang='lat' dir='ltr'>Nam</span> <span class='ocrx_word' id='word_1_54' title='bbox 208 681 246 717; x_wconf 91' lang='lat' dir='ltr'>in</span> <span class='ocrx_word' id='word_1_55' title='bbox 277 681 473 717; x_wconf 87' lang='lat' dir='ltr'>hominum</span> <span class='ocrx_word' id='word_1_56' title='bbox 504 689 612 718; x_wconf 84' lang='lat' dir='ltr'>aetate</span> <span class='ocrx_word' id='word_1_57' title='bbox 645 682 763 719; x_wconf 83' lang='lat' dir='ltr'>multa</span> <span class='ocrx_word' id='word_1_58' title='bbox 791 681 972 718; x_wconf 89' lang='lat' dir='ltr'>eveniunt</span> <span class='ocrx_word' id='word_1_59' title='bbox 1001 681 1128 731; x_wconf 85' lang='lat' dir='ltr'>hujus-</span> 
     </span>
     <span class='ocr_line' id='line_1_10' title="bbox 234 746 356 782; baseline -0.008 0"><span class='ocrx_word' id='word_1_60' title='bbox 234 746 356 782; x_wconf 87' lang='lat' dir='ltr'>modi:</span> 
     </span>
    </p>

    <p class='ocr_par' dir='ltr' id='par_1_9' title="bbox 77 810 1047 859">
     <span class='ocr_line' id='line_1_11' title="bbox 77 810 1047 859; baseline 0 -13"><span class='ocrx_word' id='word_1_61' title='bbox 77 810 242 858; x_wconf 87' lang='lat' dir='ltr'>Capiunt</span> <span class='ocrx_word' id='word_1_62' title='bbox 262 810 492 859; x_wconf 79' lang='lat' dir='ltr'>voluptates:</span> <span class='ocrx_word' id='word_1_63' title='bbox 523 811 677 859; x_wconf 87' lang='lat' dir='ltr'>capiunt</span> <span class='ocrx_word' id='word_1_64' title='bbox 697 823 844 847; x_wconf 86' lang='lat' dir='ltr'>rursum</span> <span class='ocrx_word' id='word_1_65' title='bbox 866 810 1047 847; x_wconf 83' lang='lat' dir='ltr'><strong>miserias.</strong></span> 
     </span>
    </p>

    <p class='ocr_par' dir='ltr' id='par_1_10' title="bbox 76 874 1030 924">
     <span class='ocr_line' id='line_1_12' title="bbox 76 874 1030 924; baseline 0 -14"><span class='ocrx_word' id='word_1_66' title='bbox 76 874 146 911; x_wconf 84' lang='lat' dir='ltr'>Irae</span> <span class='ocrx_word' id='word_1_67' title='bbox 168 874 434 920; x_wconf 79' lang='lat' dir='ltr'>interveniunt,</span> <span class='ocrx_word' id='word_1_68' title='bbox 455 875 613 911; x_wconf 88' lang='lat' dir='ltr'>redeunt</span> <span class='ocrx_word' id='word_1_69' title='bbox 632 888 778 911; x_wconf 84' lang='lat' dir='ltr'>rursum</span> <span class='ocrx_word' id='word_1_70' title='bbox 801 875 838 911; x_wconf 89' lang='lat' dir='ltr'>in</span> <span class='ocrx_word' id='word_1_71' title='bbox 858 875 1030 924; x_wconf 84' lang='lat' dir='ltr'>gratiam.</span> 
     </span>
    </p>

    <p class='ocr_par' dir='ltr' id='par_1_11' title="bbox 77 939 1187 988">
     <span class='ocr_line' id='line_1_13' title="bbox 77 939 1187 988; baseline -0.001 -13"><span class='ocrx_word' id='word_1_72' title='bbox 77 939 222 975; x_wconf 88' lang='lat' dir='ltr'>Verum</span> <span class='ocrx_word' id='word_1_73' title='bbox 242 939 305 975; x_wconf 82' lang='lat' dir='ltr'>irae</span> <span class='ocrx_word' id='word_1_74' title='bbox 326 939 357 975; x_wconf 82' lang='lat' dir='ltr'>si</span> <span class='ocrx_word' id='word_1_75' title='bbox 377 953 459 987; x_wconf 79' lang='lat' dir='ltr'>quae</span> <span class='ocrx_word' id='word_1_76' title='bbox 480 940 574 976; x_wconf 86' lang='lat' dir='ltr'>forte</span> <span class='ocrx_word' id='word_1_77' title='bbox 594 940 773 976; x_wconf 78' lang='lat' dir='ltr'>eveniunt</span> <span class='ocrx_word' id='word_1_78' title='bbox 792 939 1022 988; x_wconf 83' lang='lat' dir='ltr'>hujusmodi,</span> <span class='ocrx_word' id='word_1_79' title='bbox 1147 944 1187 974; x_wconf 83' lang='lat'>60</span> 
     </span>
    </p>

    <p class='ocr_par' dir='ltr' id='par_1_12' title="bbox 78 1003 1023 1052">
     <span class='ocr_line' id='line_1_14' title="bbox 78 1003 1023 1052; baseline -0.001 -13"><span class='ocrx_word' id='word_1_80' title='bbox 78 1003 181 1039; x_wconf 84' lang='lat' dir='ltr'>Inter</span> <span class='ocrx_word' id='word_1_81' title='bbox 201 1016 266 1039; x_wconf 87' lang='lat' dir='ltr'>eos</span> <span class='ocrx_word' id='word_1_82' title='bbox 286 1016 432 1039; x_wconf 86' lang='lat' dir='ltr'>rursum</span> <span class='ocrx_word' id='word_1_83' title='bbox 453 1004 483 1039; x_wconf 86' lang='lat' dir='ltr'>si</span> <span class='ocrx_word' id='word_1_84' title='bbox 503 1011 696 1040; x_wconf 87' lang='lat' dir='ltr'>reventum</span> <span class='ocrx_word' id='word_1_85' title='bbox 718 1003 756 1039; x_wconf 87' lang='lat' dir='ltr'>in</span> <span class='ocrx_word' id='word_1_86' title='bbox 776 1003 935 1052; x_wconf 84' lang='lat' dir='ltr'>gratiam</span> <span class='ocrx_word' id='word_1_87' title='bbox 954 1010 1023 1050; x_wconf 86' lang='lat' dir='ltr'>est,</span> 
     </span>
    </p>

    <p class='ocr_par' dir='ltr' id='par_1_13' title="bbox 79 1067 962 1115">
     <span class='ocr_line' id='line_1_15' title="bbox 79 1067 962 1115; baseline -0.001 -12"><span class='ocrx_word' id='word_1_88' title='bbox 79 1067 145 1103; x_wconf 83' lang='lat' dir='ltr'>Bis</span> <span class='ocrx_word' id='word_1_89' title='bbox 164 1074 270 1103; x_wconf 82' lang='lat' dir='ltr'>tanto</span> <span class='ocrx_word' id='word_1_90' title='bbox 290 1067 401 1103; x_wconf 83' lang='lat' dir='ltr'>amici</span> <span class='ocrx_word' id='word_1_91' title='bbox 422 1075 509 1103; x_wconf 84' lang='lat' dir='ltr'>sunt</span> <span class='ocrx_word' id='word_1_92' title='bbox 528 1068 623 1103; x_wconf 89' lang='lat' dir='ltr'>inter</span> <span class='ocrx_word' id='word_1_93' title='bbox 644 1079 695 1111; x_wconf 84' lang='lat' dir='ltr'>se,</span> <span class='ocrx_word' id='word_1_94' title='bbox 718 1080 828 1114; x_wconf 87' lang='lat' dir='ltr'>quam</span> <span class='ocrx_word' id='word_1_95' title='bbox 848 1067 962 1115; x_wconf 87' lang='lat' dir='ltr'>prius.</span> 
     </span>
    </p>

    <p class='ocr_par' dir='ltr' id='par_1_14' title="bbox 79 1131 936 1179">
     <span class='ocr_line' id='line_1_16' title="bbox 79 1131 936 1179; baseline -0.001 -12"><span class='ocrx_word' id='word_1_96' title='bbox 79 1131 144 1168; x_wconf 80' lang='lat' dir='ltr'>Al.</span> <span class='ocrx_word' id='word_1_97' title='bbox 175 1131 342 1167; x_wconf 84' lang='lat' dir='ltr'>Primum</span> <span class='ocrx_word' id='word_1_98' title='bbox 363 1131 506 1167; x_wconf 77' lang='lat' dir='ltr'>cavisse</span> <span class='ocrx_word' id='word_1_99' title='bbox 527 1131 691 1179; x_wconf 88' lang='lat' dir='ltr'>oportuit</span> <span class='ocrx_word' id='word_1_100' title='bbox 710 1143 757 1167; x_wconf 90' lang='lat' dir='ltr'>ne</span> <span class='ocrx_word' id='word_1_101' title='bbox 777 1131 936 1176; x_wconf 80' lang='lat' dir='ltr'>diceres,</span> 
     </span>
    </p>

    <p class='ocr_par' dir='ltr' id='par_1_15' title="bbox 79 1195 1131 1296">
     <span class='ocr_line' id='line_1_17' title="bbox 79 1195 1131 1245; baseline 0.002 -13"><span class='ocrx_word' id='word_1_102' title='bbox 79 1196 224 1232; x_wconf 85' lang='lat' dir='ltr'>Verum</span> <span class='ocrx_word' id='word_1_103' title='bbox 257 1196 390 1232; x_wconf 88' lang='lat' dir='ltr'>eadem</span> <span class='ocrx_word' id='word_1_104' title='bbox 424 1195 455 1231; x_wconf 81' lang='lat' dir='ltr'>si</span> <span class='ocrx_word' id='word_1_105' title='bbox 487 1195 606 1231; x_wconf 74' lang='lat' dir='ltr'>isdem</span> <span class='ocrx_word' id='word_1_106' title='bbox 638 1208 789 1245; x_wconf 83' lang='lat' dir='ltr'>purgas,</span> <span class='ocrx_word' id='word_1_107' title='bbox 825 1195 917 1231; x_wconf 90' lang='lat' dir='ltr'>mihi</span> <span class='ocrx_word' id='word_1_108' title='bbox 950 1196 1131 1244; x_wconf 86' lang='lat' dir='ltr'>patiunda</span> 
     </span>
     <span class='ocr_line' id='line_1_18' title="bbox 235 1267 332 1296; baseline 0 0"><span class='ocrx_word' id='word_1_109' title='bbox 235 1267 332 1296; x_wconf 89' lang='lat' dir='ltr'>sunt.</span> 
     </span>
    </p>

    <p class='ocr_par' dir='ltr' id='par_1_16' title="bbox 79 1324 1190 1373">
     <span class='ocr_line' id='line_1_19' title="bbox 79 1324 1190 1373; baseline -0.001 -12"><span class='ocrx_word' id='word_1_110' title='bbox 79 1325 143 1361; x_wconf 81' lang='lat' dir='ltr'>Ju.</span> <span class='ocrx_word' id='word_1_111' title='bbox 174 1324 273 1361; x_wconf 91' lang='lat' dir='ltr'>Jube</span> <span class='ocrx_word' id='word_1_112' title='bbox 293 1336 379 1361; x_wconf 85' lang='lat' dir='ltr'>vero</span> <span class='ocrx_word' id='word_1_113' title='bbox 398 1337 486 1361; x_wconf 81' lang='lat' dir='ltr'>vasa</span> <span class='ocrx_word' id='word_1_114' title='bbox 505 1337 600 1373; x_wconf 87' lang='lat' dir='ltr'>pura</span> <span class='ocrx_word' id='word_1_115' title='bbox 620 1324 794 1361; x_wconf 86' lang='lat' dir='ltr'>adornari</span> <span class='ocrx_word' id='word_1_116' title='bbox 815 1324 920 1370; x_wconf 87' lang='lat' dir='ltr'>mihi,</span> <span class='ocrx_word' id='word_1_117' title='bbox 1150 1336 1190 1368; x_wconf 75' lang='lat'>55</span> 
     </span>
    </p>

    <p class='ocr_par' dir='ltr' id='par_1_17' title="bbox 80 1389 1019 1437">
     <span class='ocr_line' id='line_1_20' title="bbox 80 1389 1019 1437; baseline 0.001 -12"><span class='ocrx_word' id='word_1_118' title='bbox 80 1389 144 1434; x_wconf 79' lang='lat' dir='ltr'>Ut,</span> <span class='ocrx_word' id='word_1_119' title='bbox 165 1401 246 1436; x_wconf 82' lang='lat' dir='ltr'>quae</span> <span class='ocrx_word' id='word_1_120' title='bbox 269 1389 365 1437; x_wconf 89' lang='lat' dir='ltr'>apud</span> <span class='ocrx_word' id='word_1_121' title='bbox 384 1389 572 1437; x_wconf 82' lang='lat' dir='ltr'>legionem</span> <span class='ocrx_word' id='word_1_122' title='bbox 594 1396 677 1425; x_wconf 82' lang='lat' dir='ltr'>vota</span> <span class='ocrx_word' id='word_1_123' title='bbox 695 1389 792 1434; x_wconf 84' lang='lat' dir='ltr'>vovi,</span> <span class='ocrx_word' id='word_1_124' title='bbox 814 1389 844 1425; x_wconf 83' lang='lat' dir='ltr'>si</span> <span class='ocrx_word' id='word_1_125' title='bbox 865 1389 1019 1426; x_wconf 86' lang='lat' dir='ltr'>domum</span> 
     </span>
    </p>

    <p class='ocr_par' dir='ltr' id='par_1_18' title="bbox 82 1452 962 1502">
     <span class='ocr_line' id='line_1_21' title="bbox 82 1452 962 1502; baseline 0.001 -14"><span class='ocrx_word' id='word_1_126' title='bbox 82 1452 285 1489; x_wconf 81' lang='lat' dir='ltr'>Redissem</span> <span class='ocrx_word' id='word_1_127' title='bbox 305 1453 440 1498; x_wconf 78' lang='lat' dir='ltr'>salvus,</span> <span class='ocrx_word' id='word_1_128' title='bbox 463 1465 506 1489; x_wconf 85' lang='lat' dir='ltr'>ea</span> <span class='ocrx_word' id='word_1_129' title='bbox 526 1465 597 1502; x_wconf 82' lang='lat' dir='ltr'>ego</span> <span class='ocrx_word' id='word_1_130' title='bbox 617 1454 804 1489; x_wconf 79' lang='lat' dir='ltr'>exsolvam</span> <span class='ocrx_word' id='word_1_131' title='bbox 824 1453 962 1489; x_wconf 86' lang='lat' dir='ltr'>omnia.</span> 
     </span>
    </p>

    <p class='ocr_par' dir='ltr' id='par_1_19' title="bbox 83 1517 1130 1566">
     <span class='ocr_line' id='line_1_22' title="bbox 83 1517 1130 1566; baseline 0.001 -12"><span class='ocrx_word' id='word_1_132' title='bbox 83 1517 148 1554; x_wconf 86' lang='lat' dir='ltr'>Al.</span> <span class='ocrx_word' id='word_1_133' title='bbox 176 1517 260 1566; x_wconf 82' lang='lat' dir='ltr'>Ego</span> <span class='ocrx_word' id='word_1_134' title='bbox 276 1517 373 1553; x_wconf 78' lang='lat' dir='ltr'>istuc</span> <span class='ocrx_word' id='word_1_135' title='bbox 394 1517 545 1553; x_wconf 86' lang='lat' dir='ltr'>curabo.</span> <span class='ocrx_word' id='word_1_136' title='bbox 595 1517 658 1553; x_wconf 76' lang='lat' dir='ltr'>Ju.</span> <span class='ocrx_word' id='word_1_137' title='bbox 687 1518 854 1554; x_wconf 81' lang='lat' dir='ltr'>Evocate</span> <span class='ocrx_word' id='word_1_138' title='bbox 870 1518 945 1554; x_wconf 81' lang='lat' dir='ltr'>huo</span> <span class='ocrx_word' id='word_1_139' title='bbox 961 1518 1130 1555; x_wconf 81' lang='lat' dir='ltr'>Sosiam:</span> 
     </span>
    </p>

    <p class='ocr_par' dir='ltr' id='par_1_20' title="bbox 83 1581 822 1629">
     <span class='ocr_line' id='line_1_23' title="bbox 83 1581 822 1629; baseline -0.001 -11"><span class='ocrx_word' id='word_1_140' title='bbox 83 1582 382 1618; x_wconf 78' lang='lat' dir='ltr'>Gubernatorem</span> <span class='ocrx_word' id='word_1_141' title='bbox 402 1581 466 1629; x_wconf 89' lang='lat' dir='ltr'>qui</span> <span class='ocrx_word' id='word_1_142' title='bbox 486 1581 524 1617; x_wconf 88' lang='lat' dir='ltr'>in</span> <span class='ocrx_word' id='word_1_143' title='bbox 544 1581 628 1618; x_wconf 66' lang='lat' dir='ltr'>mea</span> <span class='ocrx_word' id='word_1_144' title='bbox 647 1581 732 1618; x_wconf 88' lang='lat' dir='ltr'>navi</span> <span class='ocrx_word' id='word_1_145' title='bbox 753 1581 822 1617; x_wconf 89' lang='lat' dir='ltr'>fuit</span> 
     </span>
    </p>

    <p class='ocr_par' dir='ltr' id='par_1_21' title="bbox 86 1645 1191 1694">
     <span class='ocr_line' id='line_1_24' title="bbox 86 1645 1191 1694; baseline 0.005 -14"><span class='ocrx_word' id='word_1_146' title='bbox 86 1645 362 1694; x_wconf 83' lang='lat' dir='ltr'>Blepharonem</span> <span class='ocrx_word' id='word_1_147' title='bbox 383 1652 557 1690; x_wconf 84' lang='lat' dir='ltr'>arcessat,</span> <span class='ocrx_word' id='word_1_148' title='bbox 578 1645 641 1693; x_wconf 87' lang='lat' dir='ltr'>qui</span> <span class='ocrx_word' id='word_1_149' title='bbox 661 1645 860 1682; x_wconf 82' lang='lat' dir='ltr'>nobiseum</span> <span class='ocrx_word' id='word_1_150' title='bbox 879 1645 1070 1694; x_wconf 86' lang='lat' dir='ltr'>prandeat.</span> <span class='ocrx_word' id='word_1_151' title='bbox 1150 1654 1191 1685; x_wconf 87' lang='lat'>70</span> 
     </span>
    </p>

    <p class='ocr_par' dir='ltr' id='par_1_22' title="bbox 84 1709 763 1758">
     <span class='ocr_line' id='line_1_25' title="bbox 84 1709 763 1758; baseline 0 -13"><span class='ocrx_word' id='word_1_152' title='bbox 84 1709 124 1746; x_wconf 86' lang='lat' dir='ltr'>Is</span> <span class='ocrx_word' id='word_1_153' title='bbox 144 1709 236 1745; x_wconf 86' lang='lat' dir='ltr'>adeo</span> <span class='ocrx_word' id='word_1_154' title='bbox 257 1709 466 1758; x_wconf 82' lang='lat' dir='ltr'>impransus</span> <span class='ocrx_word' id='word_1_155' title='bbox 485 1709 763 1746; x_wconf 83' lang='lat' dir='ltr'>ludificabitur:</span> 
     </span>
    </p>

    <p class='ocr_par' dir='ltr' id='par_1_23' title="bbox 83 1773 1134 1874">
     <span class='ocr_line' id='line_1_26' title="bbox 83 1773 1134 1823; baseline 0.001 -13"><span class='ocrx_word' id='word_1_156' title='bbox 83 1773 218 1814; x_wconf 82' lang='lat' dir='ltr'>Quom</span> <span class='ocrx_word' id='word_1_157' title='bbox 246 1786 316 1823; x_wconf 84' lang='lat' dir='ltr'>ego</span> <span class='ocrx_word' id='word_1_158' title='bbox 345 1773 662 1823; x_wconf 85' lang='lat' dir='ltr'>Amphitruonem</span> <span class='ocrx_word' id='word_1_159' title='bbox 699 1773 796 1811; x_wconf 88' lang='lat' dir='ltr'>collo</span> <span class='ocrx_word' id='word_1_160' title='bbox 828 1774 918 1811; x_wconf 84' lang='lat' dir='ltr'>hino</span> <span class='ocrx_word' id='word_1_161' title='bbox 951 1774 1134 1811; x_wconf 85' lang='lat' dir='ltr'>obstricto</span> 
     </span>
     <span class='ocr_line' id='line_1_27' title="bbox 242 1837 398 1874; baseline 0 0"><span class='ocrx_word' id='word_1_162' title='bbox 242 1837 398 1874; x_wconf 86' lang='lat' dir='ltr'>traham.</span> 
     </span>
    </p>

    <p class='ocr_par' dir='ltr' id='par_1_24' title="bbox 87 1901 1084 1955">
     <span class='ocr_line' id='line_1_28' title="bbox 87 1901 1084 1955; baseline 0.001 -16"><span class='ocrx_word' id='word_1_163' title='bbox 87 1902 154 1940; x_wconf 80' lang='lat' dir='ltr'>Al.</span> <span class='ocrx_word' id='word_1_164' title='bbox 185 1901 328 1938; x_wconf 89' lang='lat' dir='ltr'>Mirum</span> <span class='ocrx_word' id='word_1_165' title='bbox 348 1902 436 1950; x_wconf 87' lang='lat' dir='ltr'>quid</span> <span class='ocrx_word' id='word_1_166' title='bbox 458 1902 560 1939; x_wconf 85' lang='lat' dir='ltr'>solus</span> <span class='ocrx_word' id='word_1_167' title='bbox 579 1915 709 1940; x_wconf 85' lang='lat' dir='ltr'>seeum</span> <span class='ocrx_word' id='word_1_168' title='bbox 728 1909 875 1940; x_wconf 82' lang='lat' dir='ltr'>secreto</span> <span class='ocrx_word' id='word_1_169' title='bbox 894 1903 957 1942; x_wconf 87' lang='lat' dir='ltr'>ille</span> <span class='ocrx_word' id='word_1_170' title='bbox 977 1904 1084 1955; x_wconf 87' lang='lat' dir='ltr'>agat!</span> 
     </span>
    </p>

    <p class='ocr_par' dir='ltr' id='par_1_25' title="bbox 86 1965 866 2017">
     <span class='ocr_line' id='line_1_29' title="bbox 86 1965 866 2017; baseline 0.001 -13"><span class='ocrx_word' id='word_1_171' title='bbox 86 1965 216 2016; x_wconf 88' lang='lat' dir='ltr'>Atque</span> <span class='ocrx_word' id='word_1_172' title='bbox 236 1966 452 2017; x_wconf 82' lang='lat' dir='ltr'>aperiuntur</span> <span class='ocrx_word' id='word_1_173' title='bbox 471 1966 580 2005; x_wconf 85' lang='lat' dir='ltr'>aedes.</span> <span class='ocrx_word' id='word_1_174' title='bbox 636 1966 726 2005; x_wconf 83' lang='lat' dir='ltr'>Exit</span> <span class='ocrx_word' id='word_1_175' title='bbox 745 1967 866 2006; x_wconf 82' lang='lat' dir='ltr'>Sosia.</span> 
     </span>
    </p>

    <p class='ocr_par' dir='ltr' id='par_1_26' title="bbox 402 2030 461 2069">
     <span class='ocr_line' id='line_1_30' title="bbox 402 2030 461 2069; baseline 0 -17"><span class='ocrx_word' id='word_1_176' title='bbox 402 2032 428 2069; x_wconf 79' lang='grc'><strong>6</strong></span> <span class='ocrx_word' id='word_1_177' title='bbox 440 2030 461 2052; x_wconf 52' lang='lat' dir='ltr'>a*</span> 
     </span>
    </p>
   </div>
  </div>
 </body>
</html>
