1277 2193
40 148 92 186 54
326 154 595 185 AMPHITRUO.
636 155 718 184 Aer.
740 155 780 184 11.
806 155 908 184 scm.
927 155 956 183 2.

40 259 101 291 120
120 253 348 291 Audivistin’
370 261 410 291 tu
440 255 553 292 hodie
582 266 643 291 me
672 255 726 292 illi
754 254 882 292 dicere
911 266 968 301 ea,
998 266 1080 303 quae
1109 253 1175 292 illa

277 320 471 356 autumat?

118 382 180 419 So.
221 382 381 430 Quaeso,
414 384 561 433 edepol,
594 396 685 420 num
717 390 758 420 tu
792 396 942 432 quoque
975 383 1089 420 etiam
1118 383 1174 421 in-

275 448 389 494 sanis,
411 461 498 484 cum
520 449 554 485 id
577 461 636 485 me
657 449 892 498 interrogas?

116 510 200 550 Qui
228 511 332 560 ipsus
360 512 536 560 equidem
565 525 668 549 nunc
694 512 857 561 primum
891 512 1012 549 istanc
1044 518 1172 548 tecum

276 577 472 625 conspicio
492 577 614 613 simul.

116 638 201 676 Am.
231 639 340 679 Quin
361 653 476 686 nunc,
494 641 641 687 mulier,
661 641 784 677 audin'
804 641 936 678 illurn?
991 641 1056 678 Al.
1087 640 1173 691 Ego

275 717 383 750 vero3
415 718 458 741 ac
479 705 612 741 falsum
633 706 772 742 dicere.

115 766 202 804 Am.
241 767 379 816 Neque
408 776 449 805 tu
481 769 547 815 illi,
575 782 698 817 neque
727 769 779 806 mi
810 770 890 806 viro
920 769 990 818 ipsi
1021 769 1172 807 credis?

272 832 337 869 Al.
368 833 427 869 Eo
447 833 498 879 fit,
520 834 608 882 quia
628 834 720 869 mihi

36 902 97 934 125
115 895 326 933 Plurimum
355 898 482 943 credo,
504 905 541 934 et
569 898 649 934 scio
678 898 749 934 ista
777 898 858 934 haec
888 898 988 935 facta
1011 898 1171 947 proinde

271 970 312 999 ut
331 964 543 1012 proloquor.

113 1026 199 1063 Am.
229 1026 331 1063 Tun’
350 1040 409 1064 me
426 1028 505 1064 heri
527 1028 721 1064 advenisse
737 1028 859 1065 dicis?
915 1028 981 1065 Al.
1012 1028 1115 1065 Tun'
1133 1035 1171 1066 te

272 1091 393 1128 abisse
414 1092 526 1129 hodie
546 1093 636 1129 hinc
656 1094 799 1142 negas?

114 1154 198 1194 Am.
229 1155 342 1205 Nego
369 1156 572 1202 enimvero,
601 1164 638 1193 et
667 1169 726 1193 me
758 1157 936 1194 advenire
963 1170 1067 1194 nunc
1094 1157 1170 1206 pri-

270 1232 373 1256 mum
394 1221 453 1256 aio
474 1221 520 1256 ad
541 1228 576 1257 te
596 1221 762 1257 domum.

112 1283 177 1320 Al.
216 1283 401 1329 Obsecro,
430 1284 594 1320 etiamne
624 1285 696 1320 hoc
725 1284 911 1334 negabis?
948 1291 985 1321 te
1016 1297 1168 1322 auream

267 1354 432 1396 pateram
454 1348 546 1383 mihi

112 1410 273 1448 Dedisse
301 1412 400 1448 dono
429 1412 553 1458 hodie,
583 1412 657 1460 quei
691 1419 728 1448 te
762 1412 841 1448 illic
869 1412 1050 1449 donatum
1084 1425 1167 1451 esse

270 1476 443 1512 dixeras?

34 1548 94 1580 130
113 1539 197 1576 Am.
227 1539 363 1589 Neque
391 1540 523 1588 edepol
553 1540 652 1586 dedi,
674 1552 796 1588 neque
825 1540 924 1576 dixi:
955 1553 1084 1578 verum
1113 1542 1166 1579 ita

271 1605 457 1640 animatus
477 1605 542 1650 fui,

111 1667 244 1717 Itaque
271 1681 373 1705 nunc
401 1682 496 1715 sum,
518 1676 557 1705 ut
585 1669 629 1705 eii
658 1676 694 1706 te
722 1669 850 1718 patere.
879 1669 1027 1706 donem.
1085 1669 1162 1707 Sed

269 1733 351 1781 quis
372 1733 469 1769 istuc
488 1733 556 1769 tibi

110 1795 242 1833 Dixit?
296 1796 361 1833 Al.
392 1797 476 1846 Ego
504 1797 653 1846 quidem
684 1810 729 1834 ex
757 1803 793 1834 te
817 1797 954 1843 audivi,
975 1803 1012 1835 et
1031 1810 1076 1834 ex
1094 1797 1162 1834 tufi.

267 1860 397 1909 accepi
417 1873 529 1897 manu

110 1923 294 1962 Pateram.
349 1924 436 1961 Am.
466 1924 595 1971 Mane,
625 1938 734 1964 mane
766 1926 926 1964 obsecro
953 1933 1014 1964 te:
1044 1925 1162 1964 nimis

266 1988 442 2037 demiror,
463 1989 584 2036 Sosia,
