1277 2193
275 82 535 112 AULULARIA.
576 83 658 111 Αοτ.
681 81 721 110 11.
750 82 850 110 scm.
871 81 898 108 4.
1118 69 1192 109 115

67 181 130 219 Co.
168 181 290 218 Immo
320 182 494 229 equidem
525 181 650 218 credo.
707 180 765 218 St.
794 180 848 216 At
872 178 966 216 scin'
999 177 1113 214 etiam

222 246 436 294 quomodo?

63 309 213 357 Aquam
236 310 361 346 hercle
380 309 512 358 plorat,
535 322 647 357 quom
667 308 776 354 lavat,
795 306 1034 356 profundere.

66 374 128 411 Co.
160 374 321 410 Censen'
343 374 526 410 talentum
547 385 725 422 magnum
747 371 893 409 exorari
912 378 1061 420 potesse
1132 374 1172 407 30

63 438 126 473 Ab
149 438 243 473 istoc
263 450 365 483 sene,
386 445 427 473 ut
445 438 520 482 det,
542 436 605 485 qui
627 437 759 472 fiamus
778 435 913 472 liberi?

63 501 122 537 St.
153 502 308 538 Famem
338 501 464 538 hercle
494 501 686 546 utendam,
716 500 746 537 si
775 512 898 550 roges,
918 510 1112 547 nunquam

219 565 332 601 dabit.

61 629 170 668 Quin
193 629 261 678 ipsi
281 629 425 678 pridem
445 636 574 665 tonsor
594 641 739 678 ungues
759 628 990 677 dempserat3

63 693 239 742 Collegit,
261 693 386 729 omnia
408 693 559 728 abstulit
577 692 835 741 praesegmina.

66 757 129 793 Co.
161 756 305 805 Edepol
329 757 523 792 mortalem
544 768 657 805 parce
675 768 830 804 parcum
849 754 1043 804 praedioas.
1133 762 1174 793 35

63 820 225 856 Censen'
248 832 335 856 vero
357 820 448 856 adeo
469 833 549 857 esse
568 832 724 869 parcum
744 827 781 856 et
800 819 936 855 misere
954 819 1103 855 vivere?

63 884 120 921 St.
150 884 391 920 Pulmentum
410 884 555 933 pridem
576 884 611 920 ei
631 884 768 932 eripuit
787 883 948 920 miliius:
969 874 976 881 ⁸

64 948 191 984 Homo
213 948 258 983 ad
276 956 476 996 praetorem
497 948 801 996 deplorabundus
820 947 945 984 venit:

63 1011 150 1048 Infit
170 1011 223 1047 ibi
242 1012 445 1059 postulare,
467 1012 629 1060 plorans,
651 1011 809 1060 ejulans,

63 1075 114 1112 Ut
133 1075 204 1111 sibi
224 1075 356 1111 liceret
376 1074 535 1112 miliium
555 1075 735 1111 vadarier.
1133 1087 1174 1120 40

65 1140 252 1175 Sexcenta
271 1146 359 1175 sunt
378 1152 460 1187 quae
481 1151 698 1184 memorem,
719 1139 749 1174 si
770 1139 818 1175 sit
835 1138 965 1175 otium.

64 1203 140 1239 Sed
160 1210 242 1239 uter
262 1210 474 1239 vostrorum
493 1210 548 1239 est
568 1203 752 1239 celerior?
780 1215 948 1239 memora
966 1202 1070 1239 mihi.

67 1266 129 1303 C'o.
159 1266 256 1316 Ego,
278 1274 318 1302 ut
337 1267 455 1302 multo
476 1267 618 1303 melior.
676 1266 733 1303 St.
764 1266 913 1302 Coeum
932 1279 1017 1316 ego,
1037 1279 1114 1304 non

221 1331 338 1367 furem
360 1343 463 1379 rogo.

68 1393 131 1430 Co.
169 1394 316 1430 Coeum
347 1407 417 1443 ego
448 1395 545 1430 dico.
602 1395 659 1431 Sc.
693 1394 799 1433 Quid
830 1401 870 1430 tu
901 1394 980 1430 ais?
1034 1394 1110 1431 An.

223 1458 289 1494 Sic
308 1471 402 1504 sum,
424 1465 464 1494 ut
483 1458 596 1505 vides.

69 1521 132 1558 C'o.
162 1521 290 1558 Cocus
310 1522 371 1559 ille
391 1522 607 1559 nundinalis
627 1529 695 1567 est,
716 1522 754 1558 in
774 1534 916 1559 nonum
936 1522 1035 1560 diem
1130 1531 1172 1563 45

67 1586 173 1623 Solet
210 1586 263 1622 ire
300 1593 463 1622 coctum.
520 1585 596 1622 An.
634 1586 736 1622 Tun’
773 1586 888 1623 trium
919 1586 1111 1624 literarum

224 1650 336 1686 homo

67 1713 134 1751 Me
152 1714 366 1763 vituperas?
395 1714 466 1761 sur,
486 1713 599 1751 etiam
619 1714 833 1752 trifurcifer.
