1277 2193
49 119 100 157 24
338 128 606 158 AMPHITRUO.
646 129 727 157 Aer.
750 127 772 156 1.
800 128 899 157 Sem.
923 128 946 155 1.

129 226 214 263 Jam
241 227 387 276 pridem
415 228 562 264 videtur
591 227 743 274 factum,
764 227 845 264 heri
873 226 973 275 quod
1002 225 1173 263 homines

284 299 443 340 quatuor

127 355 172 392 In
188 369 359 405 soporem
376 356 589 393 collocastis
603 356 733 393 nudos
786 356 846 393 So.
876 355 1056 392 Formido
1075 354 1173 392 male

127 420 189 457 Ne
209 433 280 471 ego
300 419 363 457 hie
381 433 518 457 nomen
540 433 663 456 meum
683 427 925 465 commutem,
946 426 982 456 et
1000 419 1173 458 Quintus

284 486 370 522 fiam
390 498 410 522 e
431 485 551 522 Sosizi.

50 556 109 587 150
127 550 303 590 Quatuor
323 551 421 586 viros
441 550 566 599 sopori
587 562 626 586 se
646 549 793 586 dedisse
813 548 875 585 hio
896 554 1085 593 autumat3

129 614 262 651 Metuo
289 627 337 651 ne
365 626 563 650 numerum
587 626 743 663 augeam
763 614 880 649 illum.
936 612 1010 649 Me.
1050 611 1172 649 Hem!

283 691 387 715 nuno
402 679 479 727 jam
499 691 610 728 ergo:
640 678 695 714 sio
715 678 809 714 colo.

128 743 190 780 So.
230 743 420 793 Cingitur,
442 750 545 779 certe
575 743 724 791 expedit
743 754 793 778 se.
850 741 925 779 Me.
963 740 1054 777 Non
1081 741 1175 778 feret

285 808 375 856 quin
395 808 553 856 vapulet.

129 873 191 909 So.
229 872 331 911 Quis
350 872 488 908 homo?
543 871 616 908 Me.
654 871 841 919 Quisquis
862 871 973 907 homo
999 870 1074 906 huo
1092 881 1176 919 pro-

288 937 387 973 fecto
406 936 561 982 venerit,
581 949 728 985 pugnos
748 936 843 988 edet.

131 1001 194 1037 So.
233 1001 378 1050 Apage,
398 1013 474 1036 non
503 1001 626 1049 placet
654 1012 713 1036 me
733 1000 806 1035 hoo
825 999 950 1035 noetis
969 1010 1072 1051 ess-e:
1104 1010 1176 1034 coe-

286 1065 370 1101 navi
391 1064 524 1100 modo:
977 1048 1017 1053 Μ

52 1136 112 1167 155
131 1129 246 1167 Proin
274 1136 314 1166 tu
342 1129 449 1165 istam
479 1141 625 1165 coenam
654 1128 802 1177 largire,
823 1127 853 1163 si
882 1127 992 1175 sapis,
1013 1125 1177 1163 esurien-

289 1193 399 1229 tibus.

132 1258 204 1295 Me.
244 1256 360 1293 Haud
388 1256 527 1292 malum
556 1256 646 1291 huic
665 1261 720 1292 est
747 1254 894 1303 pondus
913 1266 1052 1303 pugno.
1108 1253 1173 1290 So.

287 1320 408 1357 Perii!
437 1332 584 1369 pugnos
604 1319 794 1367 ponderat.

133 1387 206 1423 Me.
243 1385 352 1425 Quid
379 1384 411 1421 si
439 1396 510 1433 ego
538 1384 641 1420 illum
669 1383 818 1419 tractim
846 1389 997 1431 tangam
1025 1389 1066 1418 ut
1094 1382 1176 1418 dor-

290 1449 405 1486 miat?
461 1448 521 1484 So.
561 1447 794 1484 Servat-eris:

134 1514 235 1551 Nam
255 1513 453 1550 continuas
473 1512 539 1549 has
566 1511 632 1548 tris
660 1517 790 1548 noctes
817 1510 1044 1560 pervigilavi.
1099 1511 1174 1549 Me.

291 1578 511 1615 Pessumum
532 1583 586 1614 est

135 1642 322 1680 Facinus:
352 1641 522 1690 nequiter
551 1640 660 1677 ferire
688 1639 821 1677 malam
850 1639 946 1676 male
970 1638 1082 1675 discit
1101 1651 1176 1676 ma-

290 1719 371 1743 nus.

58 1781 118 1813 160
138 1759 224 1808 Alio
245 1770 363 1808 formai
383 1777 529 1819 oportet
547 1781 629 1806 esse
648 1781 757 1817 quem
777 1775 816 1805 tu
835 1779 962 1817 pugno
981 1766 1126 1817 legeris.

136 1836 197 1873 So.
236 1835 320 1872 Illic
339 1835 451 1871 horno
470 1847 530 1871 me
550 1833 799 1883 interpolabit,
819 1843 1019 1880 meumque
1043 1843 1086 1868 os
1109 1830 1175 1868 fin-

291 1905 354 1949 get
372 1899 507 1936 denuo.
