1277 2193
277 158 545 188 AMPHITRUO.
585 158 665 186 Αοτ.
688 157 710 186 1.
741 157 841 186 Sem.
865 157 889 185 1.
1125 147 1180 184 25

51 257 126 295 Me.
165 257 391 294 Exossatum
411 271 453 294 os
473 270 554 294 esse
573 263 732 306 oportet,
753 268 865 305 quem
883 255 1000 305 probe
1018 266 1100 304 per·

208 323 378 359 eusseris.

50 386 112 423 So.
152 386 294 423 Mirum
321 387 361 423 ni
389 387 452 423 hic
479 399 539 423 ine
558 386 664 435 quasi
692 398 898 439 muraenam
926 396 1100 422 exossare

207 452 358 501 cogitat.
714 439 759 444 a*

49 515 157 552 Ultro
185 516 310 553 istunc
330 515 394 564 qui
422 522 569 552 exossat
596 515 779 552 homines.
835 513 959 551 Perii!
989 513 1020 550 si
1040 525 1100 550 me

210 580 404 629 aspexerit.

49 644 123 682 Me.
161 644 252 682 Olet
284 645 397 681 homo
431 645 582 693 quidam
615 645 714 681 malo
747 656 826 680 suo.
894 643 957 680 So.
997 642 1097 679 Hei!

206 722 385 745 numnam
406 722 476 758 ego
496 709 650 745 ob'olui?
1118 710 1179 744 165

49 773 122 811 Me.
161 774 289 822 Atque
318 774 417 810 haud
449 774 562 823 longe
596 774 725 810 abesse
758 779 926 821 oportet:
969 784 1099 808 verum

205 838 317 886 longe
337 837 426 873 hinc
447 837 575 873 abfuit.

48 900 110 938 So.
149 901 233 940 Illic
254 902 366 938 homo
386 901 667 950 superstitiosus
686 908 752 938 est.
809 900 882 938 Me.
922 900 1101 938 Gestiunt

203 966 321 1015 pugni
341 966 444 1003 mihi.
624 956 626 958 v

49 1029 110 1067 So.
151 1030 192 1067 Si
221 1031 260 1066 in
289 1043 347 1066 me
376 1030 622 1076 exerciturus,
643 1042 770 1078 quaeso
799 1030 837 1066 in
856 1030 1038 1078 parietem
1058 1036 1101 1067 ut

204 1094 366 1143 primum
387 1094 527 1131 domes.

48 1158 122 1195 Me.
162 1159 246 1195 Vox
266 1159 358 1195 mihi
378 1160 423 1195 ad
445 1171 552 1195 aures
574 1159 769 1195 advolavit.
826 1158 889 1195 So.
928 1158 999 1195 Nae
1028 1171 1099 1209 ego

204 1223 317 1259 homo
338 1223 467 1259 infelix
487 1223 554 1269 fui,

48 1287 130 1327 Qui
150 1300 227 1323 non
248 1287 323 1324 alas
343 1287 548 1324 intervelli:
580 1287 770 1324 volucrem
790 1300 922 1324 vocem
950 1288 1097 1337 gestito.
1118 1290 1179 1323 170

50 1351 123 1388 Me.
161 1351 247 1388 Illic
277 1351 390 1388 homo
422 1364 441 1388 a
471 1364 530 1388 me
563 1351 635 1388 sibi
667 1352 804 1388 malam
834 1364 913 1389 rem
944 1353 1100 1390 arcessit

202 1415 373 1464 jumento
393 1428 471 1453 suo.

51 1480 113 1517 So.
151 1479 242 1516 Non
269 1480 445 1528 equidem
466 1480 585 1516 ullum
604 1480 726 1518 habeo
741 1480 966 1529 jumentum.
1022 1481 1098 1519 Me.

207 1543 433 1581 Onerandus
452 1552 508 1581 est
526 1545 663 1595 pugnis
682 1546 810 1594 probe,

51 1607 114 1645 So.
153 1608 292 1645 Lassus
324 1621 406 1645 sum
439 1609 566 1646 hercle
597 1622 617 1646 e
649 1609 748 1656 navi,
783 1616 824 1647 ut
855 1616 986 1647 vectus
1022 1610 1099 1648 huc

207 1685 311 1709 sum:
341 1672 454 1710 etiam
473 1686 574 1710 nunc
593 1686 746 1711 nauseo,

52 1735 129 1773 Vix
156 1736 292 1774 incedo
321 1737 464 1783 inanis3
493 1750 541 1775 ne
560 1738 614 1775 ire
632 1750 743 1787 posse
762 1750 849 1776 curn
869 1751 984 1776 onere
1003 1739 1098 1777 exis·

207 1808 339 1839 tumes.

36 1863 126 1914 'Me
164 1864 279 1903 Certe
307 1866 408 1904 enim
437 1867 501 1904 hic
529 1867 659 1905 nescio
688 1867 772 1916 quis
800 1868 975 1918 loquitur.
1031 1869 1094 1907 So.

209 1930 341 1968 Salvos
360 1943 456 1979 sum,
476 1942 552 1970 non
571 1944 631 1970 me
649 1932 759 1971 videt,
1114 1929 1175 1962 175

209 2005 232 2031 Ρ
363 1995 388 2031 3
