1277 2193
280 116 547 146 AMPm'rssuo.
588 118 667 145 Αοτ.
689 115 712 144 1.
741 115 841 144 Sem«.
863 115 888 142 1.
1129 107 1176 144 17

56 215 235 265 Aliquem
254 215 442 253 hominem
465 216 638 266 allegent,
659 214 723 263 qui
750 213 802 251 mi
824 211 1038 251 advenienti
1056 223 1099 249 os

211 281 362 317 occillet
380 282 495 330 probe
510 295 517 317 2

53 344 250 385 Quoniam
280 346 376 382 bene
406 358 488 393 quae
520 345 557 381 in
588 356 647 381 me
677 344 860 390 fecerunt,
881 343 1027 393 ingrata
1056 353 1100 379 ea

211 410 324 446 habui
346 416 455 457 atque
475 409 588 445 irrita.

55 473 129 511 Me.
166 473 275 510 Facit
305 474 379 519 ille,
402 473 501 521 quod
531 473 641 522 volgo
669 472 768 509 haud
797 472 931 518 solent,
949 478 990 508 ut
1009 470 1100 520 quid

212 551 252 574 se
271 538 318 574 sit
338 538 492 587 dignum
514 537 617 574 sciat.
1118 544 1158 576 3ο

55 602 117 639 So.
155 602 273 642 Quod
311 615 503 650 nunquam
540 602 714 651 opinatus
747 601 813 648 fui,
846 613 969 650 neque
1005 600 1100 638 alius

212 667 408 715 quisquam
429 667 567 702 civium

54 731 138 768 Sibi
169 738 402 777 eventurum,
433 730 470 766 id
502 730 673 780 contigit,
705 736 745 766 ut
774 729 865 766 salvi
894 729 1100 778 potiremur

210 795 374 831 domum.

54 859 230 896 Victores
263 859 372 895 victis
404 858 575 895 hostibus
607 857 776 908 legiones
808 858 1006 895 reveniunt
1037 857 1101 894 do-

210 936 326 969 mum,

54 988 193 1024 Duello
221 988 389 1025 extincto
415 999 603 1033 maxumo,
626 994 736 1036 atque
757 987 998 1024 internecatis
1017 987 1101 1023 hos-

210 1052 330 1096 tibus;

51 1116 136 1155 Qui
157 1116 273 1152 multa
288 1115 475 1152 Thebano
488 1115 627 1163 populo
644 1115 779 1151 acerba
797 1115 936 1164 objecit
955 1115 1099 1161 funera,
1119 1120 1159 1151 35

56 1180 101 1217 Id
117 1180 151 1216 vi
170 1187 206 1216 et
225 1180 361 1215 virtute
380 1179 541 1215 militum
557 1179 697 1215 victum
719 1186 828 1227 atque
848 1187 1101 1229 expugnatum

212 1244 390 1293 oppidum
410 1250 477 1289 est,

54 1308 219 1358 Imperio
253 1316 362 1356 atque
397 1307 565 1357 auspicio
597 1307 678 1344 heri
705 1308 780 1344 mei
809 1308 1100 1358 Amphitruonis

212 1385 395 1409 maxume.

55 1436 188 1473 Praeda
200 1444 308 1484 atque
326 1449 414 1486 agro
429 1436 638 1484 adoreaque
652 1436 776 1473 affecit
789 1437 986 1486 populares
998 1449 1099 1484 suos,

56 1500 234 1550 Regique
245 1501 432 1537 Thebano
445 1501 601 1537 Creonti
617 1513 775 1550 regnum
788 1501 965 1537 stabilivit
977 1514 1098 1538 suum.

56 1564 123 1601 Me
154 1577 174 1601 a
202 1572 311 1613 portu
343 1565 522 1613 praemisit
554 1565 720 1611 domum,
752 1572 789 1601 ut
819 1565 901 1602 haee
929 1566 1100 1602 nuntiem

214 1629 319 1665 uxori
339 1642 438 1666 suae:
1117 1633 1159 1664 40

55 1693 107 1730 Ut
125 1693 283 1743 gesserit
301 1694 570 1742 rempublicam
590 1694 721 1739 ductu,
738 1694 908 1743 imperio,
930 1695 1100 1744 auspicio

213 1769 292 1794 suo.

58 1821 116 1858 Ea
142 1834 246 1858 nunc
273 1821 495 1868 meditabor,
516 1834 589 1871 quo
617 1822 729 1859 modo
752 1822 805 1859 illi
825 1822 962 1870 dicam,
982 1835 1098 1872 quum

213 1885 275 1922 illo
297 1887 491 1923 advenero.

58 1949 102 1987 Si
121 1949 251 1988 dixero
269 1950 521 1999 mendacium,
541 1952 664 1990 solens
682 1964 767 1990 meo
786 1964 888 1990 more
908 1952 1044 1990 fecero.

366 2014 391 2038 o
408 2014 428 2035 z
