1277 2193
54 115 106 153 64
330 124 597 154 AMPHITRUO.
637 125 719 153 Aer.
740 123 796 153 111.
824 124 926 153 scm.
947 125 975 153 2.

131 222 196 260 Ju.
227 223 270 260 Si
289 223 380 270 dixi,
401 223 521 261 nihilo
542 224 661 274 magis
680 236 732 271 es,
752 237 876 273 neque
895 236 978 262 esse
998 224 1180 269 arbitror3

133 287 183 324 Et
204 287 240 324 id
262 288 336 324 huc
355 289 504 333 revorti,
525 289 579 324 uti
599 301 658 325 me
677 302 877 339 purgarem
897 290 976 326 tibi.

133 352 234 389 Nam
254 365 445 401 nunquam
466 353 669 401 quicquam
689 366 773 390 meo
794 354 918 390 animo
939 354 1008 390 fuit
1033 353 1182 404 aegrius,

75 421 115 452 30
133 416 263 456 Quam
282 425 479 466 postquam
502 417 639 463 audivi,
660 424 697 455 te
716 430 798 455 esse
817 418 949 455 iratam
969 418 1073 455 mihi.

135 481 213 517 Cur
234 481 386 518 dixisti?
417 482 575 530 inquies.
632 482 716 532 Ego
735 482 929 531 expediam
950 482 1029 519 tibi.

134 544 225 582 Non
245 545 376 594 edepol
398 558 473 594 quo
492 553 527 582 te
548 559 629 583 esse
649 547 879 595 impudicam
899 547 1111 583 crederem:

134 609 278 646 Verum
297 610 532 658 periclitatus
553 611 720 647 animum
740 624 822 648 sum
841 618 961 657 tuum,

132 673 242 713 Quid
263 675 418 721 faceres,
439 685 475 712 et
495 687 569 723 quo
588 683 700 724 pacto
720 675 756 712 id
777 676 872 712 ferre
892 675 1101 712 induceres.

75 739 115 771 35
134 738 321 787 Equidem
336 739 425 788 joco
447 739 510 775 illa
529 740 694 776 dixeram
716 740 858 776 dudum
879 740 961 786 tibi,

133 801 306 840 Ridiculi
328 803 465 840 causa:
496 804 552 840 vel
573 804 675 840 hunc
695 811 826 853 rogato
846 804 1005 841 Sosiam.

132 866 198 904 Al.
227 867 337 907 Quin
357 868 431 904 huc
452 868 608 905 adducis
636 881 762 905 meum
791 876 994 918 cognatum
1013 868 1184 905 Naucra-

290 938 379 978 tem,

133 995 291 1033 Testem
309 1009 421 1045 quem
441 996 583 1033 dudum
602 1004 639 1033 te
659 997 909 1033 adducturum
929 997 1077 1033 dixeras

133 1059 195 1097 Te
223 1060 298 1096 huc
326 1073 403 1097 non
431 1061 603 1097 venisse?
669 1061 735 1097 ch.
766 1061 808 1097 Si
837 1061 928 1109 quid
955 1061 1099 1098 dictum
1130 1067 1186 1098 est

290 1138 356 1174 per
371 1125 514 1175 jocum,

76 1191 116 1222 40
134 1188 225 1226 Non
246 1203 394 1238 aequum
414 1197 470 1226 est
490 1190 527 1226 id
547 1197 583 1226 te
603 1190 702 1226 serio
720 1190 947 1238 praevortier.

134 1254 199 1291 Al.
230 1253 314 1302 Ego
335 1254 426 1290 illud
445 1254 525 1289 scio
545 1267 656 1301 quam
677 1254 837 1289 doluerit
857 1253 962 1289 cordi
982 1265 1077 1290 meo.

133 1317 198 1354 Ju.
228 1317 300 1354 Per
328 1317 517 1354 dexteram
546 1324 648 1354 tuam
678 1324 727 1363 te,
757 1317 983 1363 Alcumena,
1012 1330 1092 1364 oro,
1121 1317 1185 1354 oba

292 1394 411 1427 secro,

137 1446 197 1483 Da
217 1445 308 1482 mihi
329 1446 426 1482 hanc
446 1445 613 1482 veniam:
645 1445 820 1495 ignosce,
851 1445 946 1482 irata
965 1457 1012 1481 ne
1032 1445 1115 1482 sies.

136 1511 202 1547 Al.
234 1510 316 1559 Ego
337 1510 440 1546 istaec
462 1510 533 1546 feci
554 1510 665 1546 verba
684 1510 818 1545 virtute
839 1510 963 1546 irrita:

78 1579 119 1610 45
137 1575 254 1611 Nunc
274 1574 424 1622 quando
446 1574 553 1610 factis
573 1586 632 1610 me
652 1574 852 1622 impudicis
873 1574 1048 1619 abstines,

137 1639 200 1675 Ab
221 1638 422 1688 impudicis
442 1638 553 1674 dictis
574 1639 689 1674 avorti
710 1638 794 1674 volo

137 1703 288 1747 Valeas,
310 1702 377 1738 tibi
400 1702 537 1738 habeas
556 1715 614 1739 res
635 1709 729 1748 tuas,
749 1702 883 1739 reddas
903 1714 1014 1739 meas.

138 1767 274 1804 Juben'
293 1766 343 1802 mi
365 1767 418 1803 ire
434 1766 618 1803 comites?
671 1766 736 1803 Ja.
766 1767 903 1803 Sanan’
923 1768 989 1803 es?
1044 1766 1109 1803 Al.
1140 1766 1183 1802 Si

294 1843 370 1867 non
385 1831 506 1880 jubes,

138 1893 207 1931 Ibo
227 1901 388 1944 egomet,
409 1895 587 1932 comitem
606 1894 835 1931 Pudicitiam
855 1894 1006 1932 duxero.

80 1963 122 1994 50
137 1957 202 1996 Ju.
232 1958 359 2006 Mane,
381 1958 560 1996 arbitratu
578 1966 645 1996 tuo
659 1958 921 2008 jusjurandum
940 1959 1059 1996 dabo:
