1277 2193
278 129 538 159 AULULAmA.
581 131 662 159 Aer.
685 129 740 157 111.
769 129 868 157 scm.
891 128 917 155 [J.
1132 121 1206 159 129

470 299 633 334 SCENA
664 299 726 333 VI.

359 422 524 460 Eueno.
564 422 830 459 MEGADORUS.

119 551 197 588 Eu.
228 550 391 588 Nurum
412 552 589 588 lubentnr
609 551 669 588 edi
690 563 902 588 sermonem
921 557 1040 587 tuum.

64 615 139 653 Me.
178 616 267 652 Ain'
282 617 296 652 ’ἶ
338 616 541 652 audivisti?
597 616 676 653 Eu.
714 615 842 664 Usque
881 628 901 652 a
931 614 1120 664 principio

223 680 361 717 omnia.
419 680 492 717 Me.
523 680 686 726 Tamen,

64 743 98 780 E
119 757 204 780 meo
224 745 375 792 quidem
399 745 537 791 animo,
561 745 752 793 aliquanto
773 744 890 781 facias
909 745 1065 790 rectius,

64 808 106 844 Si
126 809 282 844 nitidior
302 809 352 845 sis
372 809 457 845 filim
479 809 629 857 nuptiis.

61 871 140 908 Eu.
171 872 246 909 Pro
266 885 305 909 re
325 873 500 919 nitorem,
521 881 557 910 et
577 874 733 923 gloriam
755 887 822 924 pro
843 873 965 923 copia.
1136 880 1157 911 5

59 935 143 975 Qui
163 937 315 983 habent,
337 938 579 974 meminerint
598 951 680 975 sese
701 939 801 975 unde
821 938 971 975 oriundi
992 938 1100 974 sient.

60 999 199 1048 Neque
241 1002 318 1049 pol,
358 1001 579 1051 Megadore‚
625 1003 731 1049 mihi,
769 1015 893 1051 neque
941 1003 1120 1050 cuiquam

216 1065 386 1113 pauperi,

60 1127 256 1177 Opinione
275 1129 411 1165 melius
431 1142 490 1166 res
510 1136 653 1167 structa
673 1138 729 1167 est
750 1131 863 1168 domi.

59 1192 134 1230 Me.
165 1193 288 1229 Immo
309 1201 376 1239 est,
398 1202 434 1230 et
455 1194 507 1230 dii
528 1194 667 1230 faciant
688 1195 741 1231 uti
762 1195 846 1240 siet,

59 1256 151 1293 Plus
169 1257 328 1306 plusque
349 1258 446 1294 istuc
466 1259 649 1307 sospitent
669 1259 769 1307 qnod
790 1272 892 1295 nunc
912 1259 1038 1296 habes.
1138 1275 1178 1306 10

60 1320 139 1358 Eu.
169 1321 268 1358 Illud
292 1322 384 1358 mihi
404 1323 560 1359 verbum
580 1336 656 1359 non
676 1324 813 1372 piacet,
836 1328 859 1344 “
874 1324 994 1363 Quod
1016 1337 1118 1361 nuno

217 1386 369 1423 habes.⁷’

61 1447 162 1484 Tam
191 1449 264 1485 hoc
293 1451 364 1487 scit
391 1464 449 1487 me
477 1451 627 1496 habere,
648 1464 760 1500 qnam
791 1446 951 1501 egomet.
1008 1451 1118 1488 Anus

222 1513 310 1550 feeit
336 1515 470 1562 palam.

63 1576 137 1613 Me.
167 1576 274 1615 Quid
295 1584 334 1613 tu
356 1585 392 1614 te
412 1578 513 1614 solus
534 1591 553 1614 e
574 1586 704 1615 senatu
726 1581 906 1616 sevocas?
1100 1623 1102 1625 ,

62 1639 141 1677 Ειι.
176 1639 242 1676 Pol
278 1653 348 1690 ego
380 1648 416 1677 te
450 1649 490 1677 ut
519 1655 694 1678 accusem
727 1643 862 1680 merito
895 1644 1115 1681 meditabar.

221 1704 294 1741 Me.
323 1705 430 1744 Quid
453 1708 534 1742 est?

63 1768 142 1806 Eu.
176 1768 286 1808 Quid
315 1769 375 1815 sit,
405 1782 465 1805 me
494 1770 660 1819 rogitas?
689 1771 753 1819 qui
782 1772 875 1808 mihi
903 1772 1026 1809 omnis
1056 1785 1118 1809 an-

221 1833 329 1882 gulos
1135 1843 1176 1874 15

64 1896 208 1934 Furum
228 1897 426 1946 implevisti
449 1897 486 1934 in
507 1898 652 1934 aedibus
671 1899 809 1936 misero
828 1900 944 1937 mihi:

63 1960 145 2001 Qui
165 1961 400 1999 intromisisti
422 1962 460 1998 in
481 1962 624 1999 aedibus
643 1964 870 2013 quingentos
890 1976 1046 2012 coquos,
