<?xml version="1.0" encoding="UTF-8"?>
<!DOCTYPE html PUBLIC "-//W3C//DTD XHTML 1.0 Transitional//EN"
    "http://www.w3.org/TR/xhtml1/DTD/xhtml1-transitional.dtd">
<html xmlns="http://www.w3.org/1999/xhtml" xml:lang="en" lang="en">
 <head>
  <title>
</title>
<meta http-equiv="Content-Type" content="text/html;charset=utf-8" />
  <meta name='ocr-system' content='tesseract 3.04.00' />
  <meta name='ocr-capabilities' content='ocr_page ocr_carea ocr_par ocr_line ocrx_word'/>
</head>
<body>
  <div class='ocr_page' id='page_1' title='image "amphitruoetaulul00plauuoft_0143.png"; bbox 0 0 1277 2193; ppageno 0'>
   <div class='ocr_carea' id='block_1_1' title="bbox 276 129 1192 168">
    <p class='ocr_par' dir='ltr' id='par_1_1' title="bbox 276 129 1192 168">
     <span class='ocr_line' id='line_1_1' title="bbox 276 129 1192 168; baseline -0.002 0"><span class='ocrx_word' id='word_1_1' title='bbox 276 139 529 168; x_wconf 73' lang='lat' dir='ltr'><strong>AULULARIA.</strong></span> <span class='ocrx_word' id='word_1_2' title='bbox 570 140 649 168; x_wconf 65' lang='lat' dir='ltr'>Aer.</span> <span class='ocrx_word' id='word_1_3' title='bbox 671 139 724 168; x_wconf 91' lang='lat' dir='ltr'>1v.</span> <span class='ocrx_word' id='word_1_4' title='bbox 753 139 851 168; x_wconf 58' lang='lat' dir='ltr'>Sem«.</span> <span class='ocrx_word' id='word_1_5' title='bbox 871 141 899 167; x_wconf 85' lang='lat'>4.</span> <span class='ocrx_word' id='word_1_6' title='bbox 1119 129 1192 167; x_wconf 84' lang='lat'>135</span> 
     </span>
    </p>
   </div>
   <div class='ocr_carea' id='block_1_2' title="bbox 367 309 804 470">
    <p class='ocr_par' dir='ltr' id='par_1_2' title="bbox 367 309 804 470">
     <span class='ocr_line' id='line_1_2' title="bbox 460 309 713 343; baseline 0 0"><span class='ocrx_word' id='word_1_7' title='bbox 460 309 621 343; x_wconf 85' lang='lat' dir='ltr'>SCENA</span> <span class='ocrx_word' id='word_1_8' title='bbox 652 309 713 343; x_wconf 87' lang='lat' dir='ltr'>IV.</span> 
     </span>
     <span class='ocr_line' id='line_1_3' title="bbox 367 432 804 470; baseline 0.002 -1"><span class='ocrx_word' id='word_1_9' title='bbox 367 432 530 470; x_wconf 66' lang='lat' dir='ltr'>Eueno.</span> <span class='ocrx_word' id='word_1_10' title='bbox 570 433 804 470; x_wconf 73' lang='lat' dir='ltr'>S&#39;rnomms.</span> 
     </span>
    </p>
   </div>
   <div class='ocr_carea' id='block_1_3' title="bbox 59 560 1174 1952">
    <p class='ocr_par' dir='ltr' id='par_1_3' title="bbox 113 560 1114 611">
     <span class='ocr_line' id='line_1_4' title="bbox 113 560 1114 611; baseline 0.001 -14"><span class='ocrx_word' id='word_1_11' title='bbox 113 560 192 598; x_wconf 84' lang='lat' dir='ltr'>Eu.</span> <span class='ocrx_word' id='word_1_12' title='bbox 223 561 370 607; x_wconf 52' lang='lat' dir='ltr'>Porus,</span> <span class='ocrx_word' id='word_1_13' title='bbox 397 561 595 608; x_wconf 89' lang='lat' dir='ltr'>lumbrice,</span> <span class='ocrx_word' id='word_1_14' title='bbox 626 562 690 610; x_wconf 89' lang='lat' dir='ltr'>qui</span> <span class='ocrx_word' id='word_1_15' title='bbox 718 562 788 598; x_wconf 86' lang='lat' dir='ltr'>sub</span> <span class='ocrx_word' id='word_1_16' title='bbox 815 561 915 598; x_wconf 59' lang='lat' dir='ltr'>terrai</span> <span class='ocrx_word' id='word_1_17' title='bbox 943 561 1114 611; x_wconf 84' lang='lat' dir='ltr'><strong>erepsisti</strong></span> 
     </span>
    </p>

    <p class='ocr_par' dir='ltr' id='par_1_4' title="bbox 219 626 345 671">
     <span class='ocr_line' id='line_1_5' title="bbox 219 626 345 671; baseline 0 -9"><span class='ocrx_word' id='word_1_18' title='bbox 219 626 345 671; x_wconf 89' lang='lat' dir='ltr'>modo,</span> 
     </span>
    </p>

    <p class='ocr_par' dir='ltr' id='par_1_5' title="bbox 59 688 1114 802">
     <span class='ocr_line' id='line_1_6' title="bbox 59 688 1114 739; baseline -0.001 -12"><span class='ocrx_word' id='word_1_19' title='bbox 59 688 142 729; x_wconf 79' lang='lat' dir='ltr'>Qui</span> <span class='ocrx_word' id='word_1_20' title='bbox 179 691 293 726; x_wconf 93' lang='lat' dir='ltr'>modo</span> <span class='ocrx_word' id='word_1_21' title='bbox 324 703 509 739; x_wconf 81' lang='lat' dir='ltr'>nusquam</span> <span class='ocrx_word' id='word_1_22' title='bbox 543 690 810 739; x_wconf 86' lang='lat' dir='ltr'>comparebas:</span> <span class='ocrx_word' id='word_1_23' title='bbox 850 702 967 736; x_wconf 89' lang='lat' dir='ltr'>nunc,</span> <span class='ocrx_word' id='word_1_24' title='bbox 999 702 1114 739; x_wconf 92' lang='lat' dir='ltr'>quom</span> 
     </span>
     <span class='ocr_line' id='line_1_7' title="bbox 217 754 556 802; baseline 0.003 -12"><span class='ocrx_word' id='word_1_25' title='bbox 217 766 425 802; x_wconf 85' lang='lat' dir='ltr'>compares,</span> <span class='ocrx_word' id='word_1_26' title='bbox 445 754 556 802; x_wconf 81' lang='lat' dir='ltr'>peris.</span> 
     </span>
    </p>

    <p class='ocr_par' dir='ltr' id='par_1_6' title="bbox 61 816 1114 918">
     <span class='ocr_line' id='line_1_8' title="bbox 61 816 1114 868; baseline 0 -14"><span class='ocrx_word' id='word_1_27' title='bbox 61 816 146 867; x_wconf 86' lang='lat' dir='ltr'>Ego</span> <span class='ocrx_word' id='word_1_28' title='bbox 165 817 298 866; x_wconf 84' lang='lat' dir='ltr'>edepol</span> <span class='ocrx_word' id='word_1_29' title='bbox 318 825 368 864; x_wconf 88' lang='lat' dir='ltr'>te,</span> <span class='ocrx_word' id='word_1_30' title='bbox 385 818 648 868; x_wconf 83' lang='lat' dir='ltr'>praestigiat0r‚</span> <span class='ocrx_word' id='word_1_31' title='bbox 667 818 813 855; x_wconf 86' lang='lat' dir='ltr'>miseris</span> <span class='ocrx_word' id='word_1_32' title='bbox 828 818 905 868; x_wconf 83' lang='lat' dir='ltr'>jam</span> <span class='ocrx_word' id='word_1_33' title='bbox 928 817 1114 867; x_wconf 83' lang='lat' dir='ltr'>accipiam</span> 
     </span>
     <span class='ocr_line' id='line_1_9' title="bbox 217 882 350 918; baseline 0 0"><span class='ocrx_word' id='word_1_34' title='bbox 217 882 350 918; x_wconf 86' lang='lat' dir='ltr'>modis.</span> 
     </span>
    </p>

    <p class='ocr_par' dir='ltr' id='par_1_7' title="bbox 61 945 1115 1055">
     <span class='ocr_line' id='line_1_10' title="bbox 61 945 1115 997; baseline -0.001 -14"><span class='ocrx_word' id='word_1_35' title='bbox 61 945 119 983; x_wconf 84' lang='lat' dir='ltr'>St.</span> <span class='ocrx_word' id='word_1_36' title='bbox 149 945 250 986; x_wconf 81' lang='lat' dir='ltr'>Quae</span> <span class='ocrx_word' id='word_1_37' title='bbox 274 953 312 982; x_wconf 89' lang='lat' dir='ltr'>te</span> <span class='ocrx_word' id='word_1_38' title='bbox 332 947 430 997; x_wconf 83' lang='lat' dir='ltr'>mala</span> <span class='ocrx_word' id='word_1_39' title='bbox 458 959 551 983; x_wconf 81' lang='lat' dir='ltr'>crux</span> <span class='ocrx_word' id='word_1_40' title='bbox 580 947 720 996; x_wconf 68' lang='lat' dir='ltr'>agitat?</span> <span class='ocrx_word' id='word_1_41' title='bbox 749 946 838 995; x_wconf 89' lang='lat' dir='ltr'>quid</span> <span class='ocrx_word' id='word_1_42' title='bbox 867 946 936 983; x_wconf 90' lang='lat' dir='ltr'>tibi</span> <span class='ocrx_word' id='word_1_43' title='bbox 964 958 1115 983; x_wconf 89' lang='lat' dir='ltr'>mecum</span> 
     </span>
     <span class='ocr_line' id='line_1_11' title="bbox 218 1011 688 1055; baseline -0.002 -8"><span class='ocrx_word' id='word_1_44' title='bbox 218 1017 274 1047; x_wconf 83' lang='lat' dir='ltr'>est</span> <span class='ocrx_word' id='word_1_45' title='bbox 294 1011 526 1055; x_wconf 88' lang='lat' dir='ltr'>commercii,</span> <span class='ocrx_word' id='word_1_46' title='bbox 548 1011 688 1046; x_wconf 67' lang='lat' dir='ltr'>senex?</span> 
     </span>
    </p>

    <p class='ocr_par' dir='ltr' id='par_1_8' title="bbox 61 1073 1153 1175">
     <span class='ocr_line' id='line_1_12' title="bbox 61 1073 1115 1122; baseline 0 -12"><span class='ocrx_word' id='word_1_47' title='bbox 61 1073 170 1114; x_wconf 81' lang='lat' dir='ltr'>Quid</span> <span class='ocrx_word' id='word_1_48' title='bbox 189 1086 249 1111; x_wconf 90' lang='lat' dir='ltr'>me</span> <span class='ocrx_word' id='word_1_49' title='bbox 271 1074 451 1110; x_wconf 69' lang='lat' dir='ltr'>afflictas?</span> <span class='ocrx_word' id='word_1_50' title='bbox 472 1074 560 1122; x_wconf 89' lang='lat' dir='ltr'>quid</span> <span class='ocrx_word' id='word_1_51' title='bbox 577 1086 638 1110; x_wconf 90' lang='lat' dir='ltr'>me</span> <span class='ocrx_word' id='word_1_52' title='bbox 656 1075 805 1122; x_wconf 71' lang='lat' dir='ltr'>raptas?</span> <span class='ocrx_word' id='word_1_53' title='bbox 826 1073 900 1122; x_wconf 65' lang='lat' dir='ltr'>qua.</span> <span class='ocrx_word' id='word_1_54' title='bbox 919 1085 980 1110; x_wconf 89' lang='lat' dir='ltr'>me</span> <span class='ocrx_word' id='word_1_55' title='bbox 1000 1073 1115 1110; x_wconf 57' lang='lat' dir='ltr'>causa</span> 
     </span>
     <span class='ocr_line' id='line_1_13' title="bbox 220 1130 1153 1175; baseline 0 -1"><span class='ocrx_word' id='word_1_56' title='bbox 220 1138 419 1175; x_wconf 68' lang='lat' dir='ltr'>verberas?</span> <span class='ocrx_word' id='word_1_57' title='bbox 1132 1130 1153 1161; x_wconf 89' lang='lat'>5</span> 
     </span>
    </p>

    <p class='ocr_par' dir='ltr' id='par_1_9' title="bbox 63 1201 1114 1303">
     <span class='ocr_line' id='line_1_14' title="bbox 63 1201 1114 1251; baseline 0 -12"><span class='ocrx_word' id='word_1_58' title='bbox 63 1202 141 1239; x_wconf 78' lang='lat' dir='ltr'>Eu.</span> <span class='ocrx_word' id='word_1_59' title='bbox 180 1202 547 1248; x_wconf 80' lang='lat' dir='ltr'>Verberabilissime,</span> <span class='ocrx_word' id='word_1_60' title='bbox 577 1202 690 1238; x_wconf 88' lang='lat' dir='ltr'>etiam</span> <span class='ocrx_word' id='word_1_61' title='bbox 727 1201 894 1251; x_wconf 72' lang='lat' dir='ltr'>rogitas?</span> <span class='ocrx_word' id='word_1_62' title='bbox 931 1213 1008 1238; x_wconf 90' lang='lat' dir='ltr'>non</span> <span class='ocrx_word' id='word_1_63' title='bbox 1042 1202 1114 1249; x_wconf 86' lang='lat' dir='ltr'>fur,</span> 
     </span>
     <span class='ocr_line' id='line_1_15' title="bbox 221 1266 432 1303; baseline 0 0"><span class='ocrx_word' id='word_1_64' title='bbox 221 1267 286 1303; x_wconf 87' lang='lat' dir='ltr'>sed</span> <span class='ocrx_word' id='word_1_65' title='bbox 315 1266 432 1303; x_wconf 84' lang='lat' dir='ltr'>trifur.</span> 
     </span>
    </p>

    <p class='ocr_par' dir='ltr' id='par_1_10' title="bbox 65 1329 1115 1442">
     <span class='ocr_line' id='line_1_16' title="bbox 65 1329 1114 1378; baseline 0 -11"><span class='ocrx_word' id='word_1_66' title='bbox 65 1330 122 1367; x_wconf 82' lang='lat' dir='ltr'>St.</span> <span class='ocrx_word' id='word_1_67' title='bbox 159 1330 268 1370; x_wconf 77' lang='lat' dir='ltr'>Quid</span> <span class='ocrx_word' id='word_1_68' title='bbox 301 1330 370 1366; x_wconf 81' lang='lat' dir='ltr'>tibi</span> <span class='ocrx_word' id='word_1_69' title='bbox 408 1330 597 1378; x_wconf 63' lang='lat' dir='ltr'>surripui?</span> <span class='ocrx_word' id='word_1_70' title='bbox 653 1329 731 1365; x_wconf 87' lang='grc' dir='ltr'>Ειι.</span> <span class='ocrx_word' id='word_1_71' title='bbox 770 1329 907 1366; x_wconf 83' lang='lat' dir='ltr'>Redde</span> <span class='ocrx_word' id='word_1_72' title='bbox 940 1329 1016 1365; x_wconf 92' lang='lat' dir='ltr'>huc</span> <span class='ocrx_word' id='word_1_73' title='bbox 1052 1330 1114 1367; x_wconf 85' lang='lat' dir='ltr'>sis.</span> 
     </span>
     <span class='ocr_line' id='line_1_17' title="bbox 222 1392 1115 1442; baseline -0.002 -12"><span class='ocrx_word' id='word_1_74' title='bbox 222 1394 279 1430; x_wconf 84' lang='lat' dir='ltr'>St.</span> <span class='ocrx_word' id='word_1_75' title='bbox 308 1394 415 1433; x_wconf 79' lang='lat' dir='ltr'>Quid</span> <span class='ocrx_word' id='word_1_76' title='bbox 433 1394 499 1429; x_wconf 80' lang='lat' dir='ltr'>tibi</span> <span class='ocrx_word' id='word_1_77' title='bbox 515 1393 570 1429; x_wconf 82' lang='lat' dir='ltr'>vis</span> <span class='ocrx_word' id='word_1_78' title='bbox 585 1393 764 1429; x_wconf 72' lang='lat' dir='ltr'>reddam?</span> <span class='ocrx_word' id='word_1_79' title='bbox 820 1393 898 1429; x_wconf 81' lang='lat' dir='ltr'>Ezt.</span> <span class='ocrx_word' id='word_1_80' title='bbox 926 1392 1115 1442; x_wconf 66' lang='lat' dir='ltr'>Rogitas?</span> 
     </span>
    </p>

    <p class='ocr_par' dir='ltr' id='par_1_11' title="bbox 67 1456 1114 1568">
     <span class='ocr_line' id='line_1_18' title="bbox 67 1456 1114 1505; baseline -0.001 -12"><span class='ocrx_word' id='word_1_81' title='bbox 67 1457 125 1493; x_wconf 76' lang='lat' dir='ltr'>St.</span> <span class='ocrx_word' id='word_1_82' title='bbox 164 1456 272 1493; x_wconf 83' lang='lat' dir='ltr'>Nihil</span> <span class='ocrx_word' id='word_1_83' title='bbox 304 1458 479 1505; x_wconf 88' lang='lat' dir='ltr'>equidem</span> <span class='ocrx_word' id='word_1_84' title='bbox 508 1457 576 1492; x_wconf 89' lang='lat' dir='ltr'>tibi</span> <span class='ocrx_word' id='word_1_85' title='bbox 608 1456 753 1492; x_wconf 76' lang='lat' dir='ltr'>abstuli.</span> <span class='ocrx_word' id='word_1_86' title='bbox 810 1456 888 1493; x_wconf 78' lang='lat' dir='ltr'>Eu.</span> <span class='ocrx_word' id='word_1_87' title='bbox 927 1456 980 1492; x_wconf 88' lang='lat' dir='ltr'>At</span> <span class='ocrx_word' id='word_1_88' title='bbox 1009 1456 1114 1503; x_wconf 89' lang='lat' dir='ltr'>illud,</span> 
     </span>
     <span class='ocr_line' id='line_1_19' title="bbox 223 1519 776 1568; baseline 0 -12"><span class='ocrx_word' id='word_1_89' title='bbox 223 1520 320 1568; x_wconf 92' lang='lat' dir='ltr'>quod</span> <span class='ocrx_word' id='word_1_90' title='bbox 341 1521 409 1556; x_wconf 83' lang='lat' dir='ltr'>tibi</span> <span class='ocrx_word' id='word_1_91' title='bbox 431 1520 648 1565; x_wconf 83' lang='lat' dir='ltr'>abstuleras,</span> <span class='ocrx_word' id='word_1_92' title='bbox 670 1519 776 1556; x_wconf 89' lang='lat' dir='ltr'>cedo.</span> 
     </span>
    </p>

    <p class='ocr_par' dir='ltr' id='par_1_12' title="bbox 67 1582 1117 1696">
     <span class='ocr_line' id='line_1_20' title="bbox 67 1582 1117 1633; baseline -0.001 -13"><span class='ocrx_word' id='word_1_93' title='bbox 67 1584 216 1633; x_wconf 89' lang='lat' dir='ltr'>Ecquid</span> <span class='ocrx_word' id='word_1_94' title='bbox 254 1584 358 1633; x_wconf 74' lang='lat' dir='ltr'>agis?</span> <span class='ocrx_word' id='word_1_95' title='bbox 415 1584 471 1620; x_wconf 78' lang='lat' dir='ltr'>St.</span> <span class='ocrx_word' id='word_1_96' title='bbox 509 1583 617 1622; x_wconf 78' lang='lat' dir='ltr'>Quid</span> <span class='ocrx_word' id='word_1_97' title='bbox 648 1584 781 1632; x_wconf 71' lang='lat' dir='ltr'>agam?</span> <span class='ocrx_word' id='word_1_98' title='bbox 836 1583 915 1620; x_wconf 83' lang='grc' dir='ltr'><strong><em>Ειι.</em></strong></span> <span class='ocrx_word' id='word_1_99' title='bbox 954 1582 1117 1620; x_wconf 89' lang='lat' dir='ltr'>Auferre</span> 
     </span>
     <span class='ocr_line' id='line_1_21' title="bbox 222 1646 882 1696; baseline -0.002 -12"><span class='ocrx_word' id='word_1_100' title='bbox 222 1660 299 1684; x_wconf 90' lang='lat' dir='ltr'>non</span> <span class='ocrx_word' id='word_1_101' title='bbox 327 1654 445 1696; x_wconf 86' lang='lat' dir='ltr'>potes.</span> <span class='ocrx_word' id='word_1_102' title='bbox 501 1647 558 1683; x_wconf 83' lang='lat' dir='ltr'>St.</span> <span class='ocrx_word' id='word_1_103' title='bbox 587 1647 694 1686; x_wconf 76' lang='lat' dir='ltr'>Quid</span> <span class='ocrx_word' id='word_1_104' title='bbox 714 1647 768 1683; x_wconf 86' lang='lat' dir='ltr'>vis</span> <span class='ocrx_word' id='word_1_105' title='bbox 787 1646 882 1683; x_wconf 73' lang='lat' dir='ltr'>tibi?</span> 
     </span>
    </p>

    <p class='ocr_par' dir='ltr' id='par_1_13' title="bbox 68 1710 1174 1819">
     <span class='ocr_line' id='line_1_22' title="bbox 68 1710 1117 1759; baseline 0 -11"><span class='ocrx_word' id='word_1_106' title='bbox 68 1711 146 1749; x_wconf 84' lang='grc' dir='ltr'><em>Ειι.</em></span> <span class='ocrx_word' id='word_1_107' title='bbox 180 1711 295 1748; x_wconf 89' lang='lat' dir='ltr'>Pone.</span> <span class='ocrx_word' id='word_1_108' title='bbox 352 1711 410 1747; x_wconf 80' lang='lat' dir='ltr'>St.</span> <span class='ocrx_word' id='word_1_109' title='bbox 450 1711 637 1758; x_wconf 84' lang='lat' dir='ltr'>Equidem</span> <span class='ocrx_word' id='word_1_110' title='bbox 664 1711 739 1759; x_wconf 88' lang='lat' dir='ltr'>pol,</span> <span class='ocrx_word' id='word_1_111' title='bbox 769 1717 806 1747; x_wconf 82' lang='lat' dir='ltr'>te</span> <span class='ocrx_word' id='word_1_112' title='bbox 833 1711 973 1757; x_wconf 81' lang='lat' dir='ltr'>datare,</span> <span class='ocrx_word' id='word_1_113' title='bbox 1003 1710 1117 1748; x_wconf 89' lang='lat' dir='ltr'>credo</span> 
     </span>
     <span class='ocr_line' id='line_1_23' title="bbox 227 1782 1174 1819; baseline 0.001 -8"><span class='ocrx_word' id='word_1_114' title='bbox 227 1782 464 1819; x_wconf 82' lang='lat' dir='ltr'>consuetum,</span> <span class='ocrx_word' id='word_1_115' title='bbox 484 1787 608 1811; x_wconf 81' lang='lat' dir='ltr'>senex.</span> <span class='ocrx_word' id='word_1_116' title='bbox 1134 1787 1174 1819; x_wconf 87' lang='lat'>10</span> 
     </span>
    </p>

    <p class='ocr_par' dir='ltr' id='par_1_14' title="bbox 70 1838 1116 1952">
     <span class='ocr_line' id='line_1_24' title="bbox 70 1838 1116 1888; baseline -0.001 -12"><span class='ocrx_word' id='word_1_117' title='bbox 70 1839 148 1876; x_wconf 82' lang='lat' dir='ltr'>Eu.</span> <span class='ocrx_word' id='word_1_118' title='bbox 187 1839 292 1876; x_wconf 89' lang='lat' dir='ltr'>Pone</span> <span class='ocrx_word' id='word_1_119' title='bbox 329 1838 401 1875; x_wconf 91' lang='lat' dir='ltr'>hoc</span> <span class='ocrx_word' id='word_1_120' title='bbox 437 1838 508 1874; x_wconf 85' lang='lat' dir='ltr'>sis:</span> <span class='ocrx_word' id='word_1_121' title='bbox 554 1838 656 1875; x_wconf 88' lang='lat' dir='ltr'>aufer</span> <span class='ocrx_word' id='word_1_122' title='bbox 695 1838 889 1875; x_wconf 87' lang='lat' dir='ltr'>cavillam:</span> <span class='ocrx_word' id='word_1_123' title='bbox 932 1851 1008 1875; x_wconf 89' lang='lat' dir='ltr'>non</span> <span class='ocrx_word' id='word_1_124' title='bbox 1044 1849 1116 1888; x_wconf 86' lang='lat' dir='ltr'>ego</span> 
     </span>
     <span class='ocr_line' id='line_1_25' title="bbox 226 1914 585 1952; baseline 0 -13"><span class='ocrx_word' id='word_1_125' title='bbox 226 1914 329 1939; x_wconf 86' lang='lat' dir='ltr'>nunc</span> <span class='ocrx_word' id='word_1_126' title='bbox 357 1914 476 1952; x_wconf 82' lang='lat' dir='ltr'>nugas</span> <span class='ocrx_word' id='word_1_127' title='bbox 505 1914 585 1951; x_wconf 81' lang='lat' dir='ltr'>ago,</span> 
     </span>
    </p>
   </div>
  </div>
 </body>
</html>
