1277 2193
90 119 165 157 154
444 125 698 153 AULULARIA.
741 125 939 153 supponam.

166 223 329 274 Ezplere
348 225 495 262 illorum
522 224 746 261 Tartaream
764 223 966 273 ingluviem
978 225 1113 272 potest.

165 288 301 339 Inique
321 289 458 326 domini
477 289 592 326 servis
612 294 771 325 utuntur
790 288 881 334 suis,

166 353 226 390 Et
244 354 342 390 servi
360 354 485 404 inique
504 353 660 390 dominis
681 366 777 389 nunc
790 356 931 402 parent
951 350 1028 387 suis
1041 363 1054 386 .·

109 418 150 450 35
167 417 297 467 Sicfit
317 418 500 464 neutrobi‚
521 414 1006 467 quodfierijustumforet.

166 482 327 528 Penum,
341 483 519 531 popinas,
541 482 652 518 cellas
664 480 950 531 promptuarias

173 546 387 583 occludunt
405 546 502 583 mille
522 545 688 583 clavibus
701 545 816 595 parci
836 556 947 581 senes·

172 610 271 655 Quoe
289 611 350 647 viz
371 610 547 659 legitimis
568 610 716 647 concedi
734 610 836 646 natis
856 609 997 654 volunt,

167 674 460 724 Servisamces,
481 675 704 724 versipelles,
726 673 870 720 callidi,

110 742 151 774 40
174 739 339 776 occlusa
358 740 453 776 mille
474 739 640 776 clavibus
661 739 733 775 sibi
752 743 946 776 reserant:

168 803 391 853 Fartimque
410 809 580 853 raptant,
603 808 830 848 consumunt,
851 801 1039 850 liguriunt
1052 814 1066 836 .-

172 867 339 905 Centena
357 881 543 917 nunquam
553 866 674 916 flirta
693 867 836 903 dicturi
855 879 960 902 cruce
972 878 986 901 .·

169 931 237 969 Sic
256 932 467 969 servitutem
485 932 719 968 ulciscuntur
737 931 836 967 servi
854 930 944 966 mali

170 996 274 1034 Risu
280 996 464 1046 J'ocisque.
521 996 587 1032 Sic
608 1008 695 1043 ergo
715 994 900 1040 concludo,
921 992 1020 1043 quod

111 1067 153 1098 45
171 1061 305 1098 Servos
313 1060 448 1110 fideles
469 1060 677 1096 liberalitas
687 1058 806 1108 facit.

170 1126 238 1175 Ly.
268 1125 387 1162 Recte
408 1124 554 1174 quidem
573 1129 628 1169 tn,
650 1123 715 1160 sed
731 1136 802 1159 non
814 1122 966 1172 paucis,
986 1127 1027 1158 ut
1046 1121 1136 1158 mihi

170 1190 389 1227 Pollicitus.
454 1188 585 1224 Verum
606 1188 639 1223 si
659 1193 692 1224 te
700 1186 813 1235 facio
834 1186 999 1231 liberum,

169 1253 333 1299 Recldes,
363 1252 461 1301 quod
486 1252 621 1301 cupio?
689 1251 742 1286 St.
780 1250 979 1286 Reddam:
1015 1249 1082 1285 sed
1114 1253 1222 1285 testes

327 1317 406 1353 volo

171 1381 315 1419 Adsint
329 1394 341 1416 .·
369 1381 548 1428 ignosces,
570 1379 676 1419 ltcre‚·
699 1390 837 1426 parum
857 1375 962 1413 crcdo
983 1376 1063 1412 tibi.

113 1456 154 1487 50
173 1447 240 1496 Ly.
278 1446 326 1482 Ut
347 1445 468 1486 lubet‚·
498 1443 624 1480 adsint
645 1443 702 1478 vel
719 1447 882 1482 centium
900 1440 985 1489 jam
1005 1440 1063 1476 nil
1078 1452 1207 1477 moror.

173 1513 227 1550 St.
257 1510 474 1559 BIegadmw,
499 1514 533 1545 ct
563 1513 603 1544 ta
637 1506 839 1551 Eunomia,
866 1505 989 1541 adeste
1011 1517 1159 1554 precor,
1187 1504 1223 1540 si

329 1574 426 1611 libet.

173 1640 289 1677 Exite
303 1653 315 1674 :
336 1636 511 1688 perfecta
531 1650 570 1673 re
589 1648 665 1671 mox
685 1634 865 1670 redibitis.

174 1704 251 1741 Me.
291 1703 373 1747 Qui
400 1714 464 1738 nos
493 1702 628 1737 vocat?
658 1699 734 1735 hem
762 1697 965 1747 Lyconide.
1021 1695 1092 1732 Eu.
1122 1693 1222 1733 Hem

330 1765 505 1809 Strobile,
526 1762 619 1812 qnid
636 1764 718 1799 cst?

175 1830 402 1882 Loquimini.
458 1829 525 1877 Ly.
546 1827 669 1864 Breve
684 1832 747 1863 est.
804 1824 879 1862 Me.
906 1823 1016 1868 Quid
1027 1824 1109 1860 est?
1164 1821 1219 1859 St.

340 1894 410 1931 Vos
431 1899 537 1929 testes
557 1904 653 1928 voco.

118 1965 161 2000 55
177 1960 224 1998 Si
242 1957 506 2010 quadrilibrem
527 1956 650 1992 aulam
670 1955 757 1992 auri
767 1954 917 2003 plenam
936 1951 1005 1989 huc
1025 1946 1169 1999 adfero,
