1277 2193
59 123 111 161 60
342 131 613 161 AMPHITRUO.
653 131 735 161 Aer.
757 131 797 160 11.
823 131 924 161 scm.
945 131 973 159 2.

138 229 339 277 Audacem
367 242 463 278 esse,
485 230 719 268 confidenter
745 243 814 280 pro
833 243 874 268 se
893 236 930 267 et
948 236 1122 279 proterve
1140 229 1194 268 lo-

295 296 371 344 qui.

136 359 222 397 Am.
263 360 365 397 Satis
404 360 592 397 audacter.
662 359 726 397 Al.
766 360 818 397 Ut
853 359 1032 409 pudicam
1069 359 1190 397 decet.

293 424 379 462 Am.
409 425 474 462 Tu
494 425 617 461 verbis
635 425 782 473 probas,

135 488 201 526 Al.
231 489 323 526 Non
351 502 422 539 ego
452 490 554 526 illam
582 489 675 526 mihi
703 489 829 526 dotem
859 489 960 525 duco
988 500 1083 535 esse,
1105 500 1190 538 quae

293 555 360 591 dos
380 555 541 590 dicitur:

54 621 117 653 210
136 618 213 655 Sed
239 619 478 667 pudicitiam,
500 626 536 655 et
563 619 761 667 pudorem,
781 625 818 655 et
846 618 1018 654 sedatum
1046 617 1192 667 cupidi-

290 696 391 729 nem,

133 746 258 785 Deum
290 755 446 794 metum,
477 755 675 797 parentum
707 759 886 793 amorem,
918 754 955 783 et
984 744 1190 796 cognatum

291 813 536 849 concordiam
552 825 559 848 :

133 875 227 913 Tibi
247 877 447 926 morigera,
471 884 581 925 atque
603 887 643 913 ut
671 876 852 912 munifica
871 876 942 912 sim
964 875 1086 922 bonis,
1104 886 1191 925 pro-

289 942 360 977 sim
379 941 517 990 probis.

131 1005 194 1042 So.
235 1005 307 1042 Nae
342 1006 425 1051 ista,
457 1006 604 1054 edepol,
636 1006 667 1041 si
700 1005 783 1042 haec
812 1017 900 1041 vera
931 1004 1112 1053 loquitur,
1143 1016 1190 1041 ex

290 1070 467 1106 amussim
488 1076 543 1105 est
564 1076 728 1117 optuma.

130 1133 216 1170 Am.
247 1133 449 1170 Delenitus
478 1146 560 1169 sum
588 1133 760 1182 profecto
790 1132 854 1179 ita,
875 1139 916 1169 ut
944 1145 1004 1169 me
1024 1132 1088 1181 qui
1115 1132 1189 1169 sim

288 1198 467 1234 nesciam.

49 1264 112 1296 215
130 1262 193 1298 So.
225 1262 454 1310 Amphitruo
474 1274 513 1297 es
532 1261 724 1309 profecto:
755 1273 846 1297 cave
862 1260 913 1297 sis
931 1272 980 1297 ne
999 1267 1038 1296 tu
1059 1266 1096 1296 te
1116 1272 1186 1297 usu

285 1326 438 1375 perduis
455 1339 461 1362 z

130 1391 190 1428 Ita
210 1404 312 1428 nunc
333 1391 505 1427 homines
525 1390 783 1436 immutantur,
803 1397 1002 1438 postquam
1027 1401 1186 1439 peregre

289 1455 518 1492 advenimus.

130 1520 216 1557 Am.
258 1519 410 1565 Mulier,
443 1519 552 1555 istam
584 1531 663 1555 rem
698 1518 916 1567 inquisitam
949 1525 1096 1555 certum
1128 1524 1185 1556 est

288 1597 363 1620 non
386 1584 566 1620 amittere.

131 1648 196 1685 Al.
226 1648 373 1697 Edepol
403 1660 462 1684 me
489 1648 631 1685 libente
660 1648 786 1685 facies.
850 1647 936 1685 Am.
964 1647 1074 1687 Quid
1103 1647 1184 1685 ais?

287 1712 472 1761 responde
493 1712 594 1748 mihi.

129 1776 238 1817 Quid
258 1776 288 1813 si
310 1777 457 1813 adduco
476 1783 582 1813 tuum
611 1783 816 1826 cognatum
836 1776 912 1813 huc
934 1789 954 1813 a
973 1776 1058 1813 navi
1078 1774 1184 1812 Nau-

287 1847 441 1886 cratem,

52 1911 113 1943 220
128 1905 210 1946 Qui
240 1917 390 1942 mecum
411 1905 487 1942 una
505 1912 635 1943 vectus
654 1911 711 1943 est
735 1905 812 1944 una
830 1905 937 1943 navi:
968 1911 1079 1954 atque
1097 1903 1131 1942 is
1147 1903 1180 1942 si

287 1969 449 2019 denegat
