1277 2193
267 123 520 153 AULULARM.
561 125 640 152 Αετ.
664 124 716 153 1v.
746 125 844 153 scm.
865 126 892 153 5.
1111 118 1184 155 137

57 221 103 260 Id
134 234 260 260 meum
293 223 474 272 quicquid
502 224 630 271 habes,
660 225 784 261 redde.
843 224 900 260 St.
935 222 1106 260 Insanis:

212 295 468 335 perscrutatus
487 300 527 325 es

57 350 147 388 Tuo
175 351 367 398 arbitratu,
387 364 510 400 neque
538 353 593 389 tui
613 365 673 390 me
701 353 904 401 quiequam
933 351 1108 389 invenisti

214 428 340 464 penes.

57 479 137 516 Eu.
174 479 302 525 Mane,
334 492 464 516 mane:
500 481 583 529 quis
614 481 692 518 illic
721 488 790 527 est,
822 481 885 530 qui
916 480 979 517 hie
1007 480 1108 516 intus

217 544 307 580 alter
336 553 414 580 erat
442 552 568 581 tecum
598 546 734 581 simul?

57 607 158 644 Perii
192 608 341 644 hercle!
382 609 444 644 ille
477 622 580 645 nuno
618 609 719 645 intus
756 610 902 645 turbat:
941 608 1044 644 huno
1077 608 1108 644 si

215 672 357 714 amitto,
388 672 451 708 hic
481 673 624 709 abierit.

57 735 253 772 Postremo
269 736 344 785 jam
362 736 462 772 huno
477 737 719 785 perscrutavi.
777 737 854 773 Hic
873 736 966 773 nihil
984 737 1106 773 habet.

214 800 290 836 Abi
310 812 384 848 quo
404 800 518 837 lubet.
1127 814 1167 845 30

57 861 231 911 Juppiter
251 870 287 899 te
313 862 439 911 Dique
458 863 626 912 perdant.
683 863 741 900 St.
773 863 887 900 Haud
907 863 1004 900 male
1033 863 1110 913 agit

213 927 363 976 gratias.

59 990 137 1027 Eu.
167 990 237 1026 Ibo
258 991 346 1026 hine
376 991 486 1037 intro,
509 999 619 1039 atque
647 992 701 1028 illi
731 992 913 1028 socienno
941 999 1007 1028 tuo
1031 992 1109 1040 jam

216 1054 496 1103 interstringam
517 1056 655 1104 gulam.

60 1116 197 1166 Fugin'
221 1116 311 1152 hino
332 1117 377 1152 ab
404 1117 550 1152 oculis?
582 1118 677 1153 abin’
701 1118 804 1163 hinc,
826 1130 871 1154 an
892 1119 994 1155 non?
1049 1118 1109 1154 St·

219 1181 339 1217 Abeo.
396 1180 474 1217 Eu.
505 1180 606 1218 Cave
626 1181 677 1218 sis
696 1190 733 1218 te
752 1182 910 1219 videam.

469 1379 629 1414 SCENA
665 1381 709 1414 V.

474 1503 707 1541 Smomcs.

121 1630 352 1667 EMORTUUM
373 1642 444 1679 ego
464 1642 524 1666 me
543 1631 714 1667 mavelim
735 1631 811 1668 leto
829 1632 942 1678 malo,

66 1694 196 1734 Quam
216 1706 292 1730 non
313 1706 383 1743 ego
403 1694 456 1730 illi
477 1694 561 1730 dem
581 1695 693 1732 hodie
712 1695 866 1732 insidias
886 1696 977 1733 seni.

69 1757 171 1795 Nam
191 1757 253 1793 hic
269 1757 345 1806 jam
363 1770 439 1793 non
461 1758 611 1795 audebit
631 1771 759 1795 aurum
782 1760 1008 1797 abstrudere.

71 1820 197 1858 Credo
217 1821 351 1858 referet
366 1821 442 1870 jam
461 1833 604 1868 secum,
625 1829 662 1859 et
680 1823 838 1860 mutabit
856 1824 994 1862 locum.

71 1885 164 1922 Atat
175 1884 265 1922 foris
280 1885 446 1934 crepuit!
467 1897 580 1923 senex
593 1898 726 1923 eccum
740 1900 869 1924 aurum
882 1888 988 1926 effert
1003 1887 1111 1927 foras.
1129 1891 1151 1923 5

72 1947 275 1999 Tantisper
295 1948 359 1987 hio
378 1961 450 1998 ego
471 1949 516 1986 ad
531 1949 685 2001 januam
706 1963 940 1990 concessero.

386 2013 434 2050 13
445 2013 467 2035 *
