1277 2193
42 76 116 116 102
341 85 603 114 AULULARIA.
643 87 725 115 Αοτ.
747 86 770 115 1.
798 86 898 115 Sem.
920 87 946 115 2.

118 183 218 221 Volo
239 182 459 230 intromitti3
492 191 603 237 atque
623 185 737 222 etiam
758 185 831 222 hoc
849 185 1019 235 praedico
1037 185 1121 232 tibi,

118 247 162 285 Si
182 248 290 284 Bona
310 248 479 285 Fortuna
499 250 637 295 veniat,
658 262 707 286 ne
726 250 986 287 intromiseris.

117 312 176 349 St.
207 312 274 349 Pol
295 325 340 349 ea
360 313 439 362 ipsa
459 313 573 350 credo
593 326 640 350 ne
661 314 930 351 intromittatur
951 321 1078 351 cavet:

117 376 218 413 Nam
247 377 292 413 ad
319 377 412 414 aedis
442 385 590 414 nostras
617 391 804 427 nusquam
835 379 939 425 adiit,
961 391 1175 427 quanquam

274 454 391 490 prope
411 450 478 478 est.

56 511 98 543 25
116 505 195 542 Eu.
233 505 355 552 Tace,
387 514 498 554 atque
532 506 593 543 abi
626 506 735 543 intro.
792 507 851 543 St.
885 506 1033 554 Taceo,
1064 514 1174 555 atque

275 571 379 607 abeo.
437 571 515 607 Eu.
546 571 722 608 Occlude
742 571 792 608 sis

115 634 235 671 Fores
256 636 439 672 ambobus
458 636 629 684 pessulis
687 635 774 672 Jam
794 648 866 686 ego
886 635 949 673 hic
969 647 1044 673 ero.

115 699 341 736 Discrucior
374 700 502 747 animi,
532 700 621 749 quia
651 700 697 737 ab
725 701 839 737 domo
873 701 1090 738 abeundum
1118 707 1174 738 est

276 765 380 801 mihi.

114 827 242 865 Nimis
262 828 389 865 hercle
410 829 549 865 invitus
570 829 685 866 abeo:
715 829 782 866 sed
802 830 891 878 quid
914 842 1035 880 agam,
1056 829 1147 866 scio.

114 892 216 929 Nam
237 899 364 929 noster
383 900 520 930 nostrae
541 894 604 942 qui
625 900 682 930 est
701 894 879 943 magister
901 894 1042 941 Curiae,

55 961 96 993 30
115 957 295 994 Dividere
317 958 462 1007 argenti
483 958 577 994 dixit
597 970 773 994 nummos
794 958 831 994 in
851 958 972 995 viros:

114 1021 160 1058 Id
180 1022 211 1058 si
230 1022 416 1070 relinquo,
439 1035 483 1059 ac
502 1035 578 1058 non
598 1029 699 1071 peto,
721 1034 852 1059 omnes
872 1022 976 1059 illico

114 1085 181 1123 Me
201 1087 453 1135 suspicentur,
476 1087 602 1132 credo,
625 1087 763 1123 habere
784 1099 916 1124 aurum
936 1087 1048 1123 domi.

114 1150 216 1187 Nam
236 1163 313 1188 non
334 1158 390 1188 est
409 1151 627 1197 verisimile,
649 1151 842 1188 hominem
862 1163 1068 1200 pauperem

114 1215 328 1252 Pauxillnm
349 1215 452 1263 parvi
475 1216 611 1260 facere,
634 1215 724 1263 quin
744 1228 941 1251 nummum
961 1222 1073 1264 petat.

50 1285 96 1316 35
116 1279 217 1316 Nam
236 1291 340 1315 nunc
360 1291 474 1326 quom
495 1279 578 1315 celo
598 1278 731 1314 sedulo
750 1291 895 1324 omnes,
916 1291 963 1315 ne
983 1279 1118 1325 sciant,

114 1344 260 1380 Omnes
279 1343 454 1379 videntur
475 1343 585 1389 scire,
607 1353 644 1379 et
663 1355 723 1379 me
743 1342 945 1393 benignius

115 1408 261 1445 Omnes
281 1407 457 1453 salutant,
479 1420 591 1456 quam
612 1408 824 1444 salutabant
843 1408 957 1456 prius.

116 1473 285 1518 Adeunt,
307 1472 532 1518 consistunt,
553 1472 778 1520 copulantur
798 1471 990 1509 dexteras:

117 1536 304 1587 Rogitant
329 1549 388 1573 me
409 1545 450 1573 ut
470 1537 627 1583 valeam,
649 1536 739 1585 quid
769 1549 890 1586 agam,
912 1537 1003 1586 quid
1031 1550 1156 1574 rerum

273 1613 412 1650 geram.

58 1671 99 1702 40
117 1664 235 1702 Nunc
255 1677 329 1713 quo
348 1665 541 1714 profectus
561 1678 644 1702 sum
664 1665 740 1711 ibo,
759 1665 931 1715 postidea
951 1665 1104 1702 domum

120 1728 185 1766 Me
204 1741 366 1776 rursum,
388 1737 570 1778 quantum
590 1737 736 1779 potero,
757 1736 904 1767 tantum
924 1730 1115 1780 recipiam.
