1277 2193
49 147 104 186 42
336 155 604 186 AMPHITRUO.
647 157 727 184 Aer.
752 156 791 184 11.
820 156 921 185 Sem.
946 156 969 184 ι.

128 253 231 291 Tun’
254 254 291 291 id
312 255 438 292 dicere
462 256 602 292 audes?
631 256 730 304 quod
750 268 862 293 nemo
882 267 1047 303 unquam
1066 254 1179 291 homo

287 320 446 357 antehac

128 383 249 430 Vidit,
269 396 341 420 nee
360 391 482 433 potest
502 384 593 430 fieri,
615 391 782 433 tempore
801 396 890 430 uno,

129 446 258 484 Homo
279 448 379 485 idem
399 449 545 485 duobus
564 448 659 485 loeis
679 455 719 484 ut
739 448 848 484 simul
870 448 941 484 sit?

128 511 192 549 So.
226 512 415 560 Profecto,
432 521 472 550 ut
491 514 635 561 loquar,
657 513 708 549 ita
727 525 785 549 res
806 520 871 549 est.
928 512 1013 549 Am.
1049 512 1179 561 Juppi-

285 583 341 614 ter
361 584 397 614 te
416 578 557 626 perdat.

69 646 111 677 20
129 640 192 679 So.
229 641 338 681 Quid
358 642 447 678 mali
468 655 563 688 sum,
585 642 686 687 here,
707 642 772 678 tua
792 654 838 678 ex
857 654 896 678 re
915 641 1167 691 promeritus?

128 705 213 742 Am.
253 706 449 756 Rogasne,
480 707 662 755 improbe,
698 706 824 752 etiam,
855 706 919 754 qui
948 706 1057 742 ludos
1087 705 1180 742 facis

285 771 372 806 me?

127 834 191 871 So.
230 834 371 871 Merito
392 835 594 871 maledicas
615 834 720 880 mihi,
742 835 772 870 si
794 835 831 870 id
851 834 903 870 ita
924 834 1063 870 factum
1085 840 1151 870 est.

127 898 271 935 Verum
292 899 389 935 haud
413 899 585 944 mentior,
607 912 741 947 resque
762 899 815 935 uti
837 899 948 943 facta,
970 898 1068 934 dico.

126 962 212 1000 Am.
252 962 380 1000 Homo
408 963 472 1000 hio
499 963 626 1000 ebrius
646 970 714 1009 est,
736 972 776 1000 ut
795 964 940 1011 opinor.
998 962 1060 999 So.
1100 962 1179 999 Uti-

283 1041 371 1065 nam
392 1028 442 1065 ita
463 1029 605 1065 essem!

67 1097 110 1128 25
126 1092 211 1130 Am.
246 1092 366 1142 Optas
395 1106 477 1142 quae
512 1093 620 1129 facta.
678 1092 741 1129 So.
776 1092 940 1142 Egone?
994 1091 1079 1128 Am.
1114 1091 1177 1128 Tu

284 1157 380 1194 istic.
436 1157 509 1194 Ubi
531 1157 684 1193 bibistis?

126 1221 190 1257 So.
225 1220 425 1269 Nusquam
445 1221 620 1268 equidem
642 1221 730 1256 bibi.
788 1220 873 1256 Am.
907 1220 1016 1259 Quid
1037 1220 1108 1256 hoc
1129 1220 1177 1256 sit

283 1284 468 1321 hominis!

126 1348 191 1386 So.
229 1348 418 1396 Equidem
438 1348 565 1384 decies
585 1348 683 1384 dixi:

127 1412 243 1450 Domi
263 1425 333 1462 ego
353 1426 448 1458 sum,
471 1413 643 1461 inquam;

128 1476 278 1525 Ecquid
301 1477 432 1514 audis?
462 1484 498 1513 et
519 1477 615 1526 apud
635 1484 672 1513 te
693 1489 815 1513 assum
836 1477 946 1513 Sosia
966 1477 1077 1514 idem.

67 1549 109 1581 30
129 1541 247 1578 Satin’
270 1541 343 1578 hoe
362 1541 486 1590 plane,

127 1604 246 1642 Satin'
269 1605 419 1651 diserte,
441 1605 541 1651 here,
563 1618 665 1642 nunc
683 1605 811 1642 videor
831 1605 899 1642 tibi
920 1606 1070 1643 locutus

127 1668 248 1706 Esse?
312 1669 397 1706 Am.
436 1669 542 1706 Vah!
583 1682 699 1719 apage
727 1677 764 1706 te
793 1682 812 1706 a
840 1682 910 1706 me.
968 1670 1028 1707 So.
1065 1669 1172 1710 Quid

283 1739 339 1769 est
358 1733 527 1782 negotii?

127 1796 212 1834 Am.
250 1796 373 1834 Pestis
391 1804 428 1834 te
447 1804 559 1834 tenet.
616 1798 678 1834 So.
716 1798 816 1835 Nam
837 1811 905 1835 cur
935 1799 1032 1835 istuc
1051 1799 1172 1836 dieis?

127 1859 318 1909 Equidem
336 1861 458 1907 valeo,
479 1869 515 1898 et
535 1861 655 1898 salvos
675 1875 757 1899 sum
776 1869 891 1909 recte,
911 1862 1153 1912 Amphitruo.

69 1941 111 1978 35
127 1925 213 1966 Am.
249 1926 305 1966 At
332 1931 371 1964 te
398 1938 470 1977 ego
501 1927 637 1966 faciam
667 1927 793 1976 hodie,
812 1928 972 1978 proinde
1001 1940 1046 1966 ao
1063 1928 1173 1967 meri·

282 1995 345 2029 tus
361 2001 414 2038 es,
