1277 2193
277 130 546 160 AMPffl'rnuo.
588 133 669 159 Αετ.
690 130 746 159 111.
774 130 874 159 scm.
894 130 922 158 3.
1149 120 1200 158 67

73 227 362 278 Blepharonem,
392 236 434 266 ut
466 243 505 267 re
537 230 666 267 divina
699 229 799 267 facte
832 239 984 265 mecum
1014 238 1123 276 pran-

232 294 327 331 deat.

72 356 134 394 So.
174 357 260 394 Jam
289 358 352 395 hio
382 371 459 405 ero,
489 372 604 407 quum
634 359 712 395 illio
739 357 913 395 censebis
939 368 1022 394 esse
1049 367 1120 393 me.

227 422 291 459 Ju.
322 423 506 459 Actutum
527 424 602 459 huo
621 423 712 460 redi.

72 486 137 523 Al.
168 486 354 535 Nunquid
374 487 427 523 vis
447 487 536 536 quin
567 488 698 524 abeam
722 487 799 536 jam
820 487 932 534 intro,
952 491 994 522 ut
1014 497 1123 535 appa-

228 558 356 587 rentur
377 552 513 599 quibus
534 553 653 600 opus?
1140 550 1181 582 15

70 613 134 651 ch.
173 614 191 650 Ι
225 628 327 661 sane,
358 622 394 652 et
426 623 608 664 quantum
639 622 763 665 potest
793 621 923 664 parata
955 614 1015 651 sac
1047 613 1124 650 sint

227 680 364 716 omnia.

72 743 137 780 Al.
175 743 284 783 Quin
313 744 430 790 venis,
461 744 611 793 quando
644 744 711 790 vis,
741 743 841 780 intro
858 756 865 779 :
905 742 989 780 faxo
1022 741 1124 779 haud

227 808 429 856 quiequam
449 808 496 844 sit
518 821 641 845 morae.

69 871 133 908 ιῙιι.
164 871 289 908 Recte
316 872 482 920 loquere,
503 879 539 909 et
566 872 724 921 proinde
752 872 973 922 diligentem
991 877 1033 907 ut
1060 882 1124 907 ux-

226 949 330 974 orem
351 937 472 974 decet.

72 999 95 1036 J
99 1013 158 1037 am
195 1000 234 1037 hi
273 1001 382 1037 ambo
419 1008 454 1037 et
494 1013 619 1038 servos
655 1007 692 1038 et
729 1001 819 1037 hera
855 1000 991 1037 frustra
1035 1005 1124 1036 sunt

229 1064 317 1110 duo,
887 1051 892 1057 ’

71 1128 154 1168 Qui
170 1141 229 1165 me
246 1129 563 1177 Amphitruonem
579 1136 707 1165 rentur
724 1141 805 1165 esse
820 1142 827 1165 :
854 1134 980 1165 errant
994 1127 1122 1177 probe.
1142 1133 1184 1167 20

73 1193 192 1230 Nunc
212 1200 252 1229 tu
273 1193 398 1229 divine
419 1193 478 1229 fao
498 1193 572 1229 huo
592 1193 683 1229 assis
704 1193 824 1229 Sosia.

75 1257 198 1294 Audis
218 1270 299 1305 quae
321 1257 421 1302 dico,
442 1257 590 1293 tametsi
610 1270 773 1306 praesens
793 1269 870 1293 non
891 1256 1001 1293 ades:

75 1321 154 1359 Fae
175 1321 491 1370 Amphitruonem
513 1321 773 1358 advenientem
795 1321 840 1357 ab
860 1321 1004 1357 aedibus

75 1385 127 1422 Ut
147 1385 274 1434 abigas
294 1385 424 1433 quovis
443 1392 568 1434 pacto,
590 1385 649 1421 fae
669 1392 905 1421 commentus
925 1385 1010 1421 sies.

78 1449 177 1485 Volo
196 1449 322 1485 deludi
345 1449 462 1493 illum,
483 1449 573 1485 dum
593 1462 679 1485 cum
700 1450 771 1486 hac
792 1449 963 1485 usuraria
1141 1452 1183 1485 25

79 1513 205 1550 Uxore
226 1525 328 1549 nunc
347 1513 438 1549 mihi
459 1513 660 1563 morigero,
682 1514 763 1550 haec
783 1520 913 1550 curata
931 1512 1020 1559 sint,

81 1577 161 1614 Fae
181 1576 252 1613 sis:
280 1576 438 1625 proinde
459 1577 565 1623 adeo,
586 1584 627 1614 ut
646 1590 706 1614 me
727 1577 822 1614 velle
841 1577 1049 1627 intellegis:

82 1641 209 1690 Atque
228 1647 268 1677 ut
287 1640 474 1677 ministres
495 1641 601 1687 mihi,
621 1653 708 1678 oum
728 1641 821 1678 mihi
839 1640 1073 1678 sacruficem„
