1277 2193
57 109 108 146 20
345 118 611 148 AMPHITRUO.
652 119 734 147 Aer.
755 118 778 147 1.
807 118 906 148 scm.
930 120 954 149 ι.

138 215 280 254 Hostes
299 215 422 255 crebri
443 218 604 255 cadunt:
634 218 752 255 nostri
773 225 904 255 contra
923 218 1113 269 ingruunt.

136 281 311 319 Vicimus
330 282 365 319 vi
386 283 541 320 feroces.

136 345 212 382 Sed
233 346 360 396 fugam
382 347 419 383 in
439 359 479 384 se
498 354 625 384 tamen
644 359 756 384 nemo
777 347 1023 393 convortitur,

134 408 221 446 Nec
239 410 383 447 recedit
401 411 500 457 loco,
521 411 611 459 quin
630 412 753 448 statim
773 424 851 448 rem
871 418 987 461 gerat.

72 475 115 506 85
134 473 312 511 Animam
333 475 509 511 omittunt
526 475 742 524 priusquam
763 475 848 512 loco
868 475 1099 524 demigrent:

132 537 308 586 Quisque
328 539 381 575 uti
402 546 567 584 steterat,
583 539 696 588 jacet,
717 539 936 587 obtinetque
955 539 1137 576 ordinem.

134 601 221 638 Hoc
242 602 305 638 ubi
326 603 554 652 Amphitruo
574 603 685 639 herus
705 603 944 652 conspicatus
963 609 1031 649 est,

133 665 242 703 Illico
262 667 406 715 equites
422 667 528 716 jubet
547 667 700 704 dextera
721 667 913 704 inducere.

133 730 290 779 Equites
308 738 439 780 parent
459 731 546 767 citi:
577 732 622 767 ab
643 731 795 768 dextera
816 743 992 767 maxumo

73 794 114 825 90
133 795 232 831 Cum
252 795 416 832 clamore
436 795 613 841 involant,
635 796 774 844 impetu
797 795 933 832 alacri:

132 859 293 896 Foedant
312 866 349 896 et
367 867 562 909 proterunt
581 860 745 896 hostium
762 860 890 908 copias
906 859 990 908 jure
1010 859 1175 908 injustas.

131 923 205 960 Me.
243 923 449 972 Nunquam
476 924 588 961 etiam
614 924 815 972 quicquam
837 923 959 960 adhuc
978 924 1177 960 verborum

286 996 342 1025 est
360 988 578 1037 prolocutus
596 1000 790 1038 perperam
805 1001 812 1024 :

131 1051 307 1100 Namque
340 1065 410 1102 ego
444 1052 497 1089 fui
530 1053 608 1089 illic
641 1053 679 1089 in
708 1065 749 1089 re
775 1052 964 1101 praesenti,
996 1058 1034 1089 et
1057 1064 1176 1097 meuS,

287 1129 400 1165 quom
419 1123 628 1166 pugnatum
647 1123 714 1162 est,
734 1123 850 1165 pater.

130 1180 191 1216 So.
231 1180 449 1217 Perduelles
477 1187 675 1228 penetrant
703 1180 801 1216 sein
821 1179 959 1229 fugam.
1015 1179 1073 1215 Ibi
1093 1191 1176 1216 nos-

286 1244 353 1280 tris
374 1244 520 1280 animus
541 1244 688 1280 additus
707 1249 784 1279 est:

70 1313 112 1343 95
130 1308 377 1346 Vortentibus
392 1307 586 1353 Telebois,
601 1308 683 1344 telis
699 1307 980 1356 complebantur
997 1319 1172 1355 corpora;

129 1373 313 1423 ipsusque
333 1372 562 1421 Amphitruo
581 1384 709 1421 regem
728 1371 912 1408 Pterelam
933 1372 1001 1407 sua
1021 1372 1174 1407 obtrun-

286 1436 384 1473 cavit
404 1449 527 1472 manu.

131 1501 227 1539 Haec
256 1501 335 1538 illic
362 1507 418 1537 est
446 1507 612 1550 pugnata
641 1511 768 1550 pugna
794 1511 913 1547 usque
942 1511 962 1536 a
989 1511 1099 1536 mane
1128 1499 1172 1537 ad

284 1577 504 1613 vesperum:

130 1629 219 1667 Hoc
248 1629 340 1665 adeo
368 1629 442 1665 hoc
472 1627 714 1665 commemini
742 1627 874 1677 magis,
903 1627 991 1676 quia
1018 1628 1082 1664 illo
1110 1627 1171 1664 die

287 1693 498 1742 impransus
517 1692 581 1729 fui.

129 1757 207 1794 Sed
233 1756 403 1806 praelium
431 1756 469 1793 id
496 1756 646 1793 tandem
674 1755 824 1793 diremit
853 1767 928 1793 nox
960 1755 1169 1793 interventu

285 1833 363 1857 suo.

53 1894 112 1925 100
129 1884 316 1924 Postridie
335 1884 372 1921 in
393 1891 516 1922 castra
534 1897 580 1923 ex
598 1885 690 1923 urbe
711 1885 756 1924 ad
775 1897 844 1923 nos
864 1884 1020 1922 veniunt
1038 1884 1169 1921 flentes

283 1948 493 2000 principes:
