1277 2193
46 82 98 120 92
333 92 602 123 AMPHITRUo.
643 94 724 124 Aer.
746 93 783 123 v.
810 94 910 124 scm.
931 94 959 123 2.

529 262 690 297 SCENA
722 263 766 297 ΙΙ.

542 386 565 422 J
571 399 750 424 UPPrrER.

172 512 284 552 BoNo
307 514 432 552 animo
452 528 503 562 eS,
527 527 650 552 assum
672 515 824 562 auxilio,
843 515 1086 565 Amphitruo,
1103 515 1172 553 tibi

277 586 315 616 et
333 579 431 616 tuis:

118 641 226 679 Nihil
247 650 302 680 est
322 644 422 692 quod
441 643 586 680 timeas.
644 643 837 690 Hariolos,
859 644 1078 693 haruspices

118 706 231 744 Mitte
250 707 384 744 omnis.
439 708 540 747 Quae
561 708 685 745 futura
705 715 742 744 et
761 720 843 756 quae
865 708 976 754 sacta,
994 709 1171 757 eloquar:

118 770 244 807 Multo
277 772 371 808 adeo
409 772 557 818 melius,
588 784 699 820 quam
733 771 800 818 illi,
829 785 944 821 quum
973 772 1044 809 sim
1081 772 1173 821 Jup-

274 835 382 884 piter.

78 910 99 941 5
117 898 286 936 Primum
306 899 476 936 omnium
497 899 720 936 Alcumenae
740 912 892 936 usuram
913 900 1083 949 corporis

117 963 227 1012 Cepi,
248 970 284 1000 et
304 963 511 1000 concubitu
531 963 723 1013 gravidam
744 963 816 1000 feci
837 964 925 1001 filio.

116 1027 181 1063 Tu
201 1028 394 1077 gravidam
416 1027 504 1064 item
525 1027 661 1073 fecisti,
682 1040 796 1076 quom
816 1027 854 1063 in
874 1028 1082 1065 exercitum

117 1090 324 1128 Profectus.
381 1091 467 1128 Uno
486 1098 595 1140 partu
615 1091 708 1127 duos
728 1092 871 1140 peperit
891 1092 1012 1129 simul.

117 1156 260 1192 Eorum
283 1156 385 1202 alter,
407 1163 534 1192 nostro
555 1155 618 1203 qui
639 1162 694 1191 est
714 1162 910 1204 susceptus
930 1156 1087 1204 semine,

58 1229 97 1260 10
117 1219 206 1255 Suis
226 1219 334 1255 factis
353 1225 390 1255 te
408 1218 609 1254 immortali
631 1218 767 1254 afficiet
785 1218 916 1267 gloria.

115 1283 179 1319 Tu
200 1295 287 1319 cum
307 1282 522 1318 Alcumenei
544 1293 659 1317 uxore
680 1281 870 1329 antiquam
891 1282 927 1318 in
948 1282 1106 1331 gratiam

115 1346 229 1383 Redi.
287 1346 400 1383 Haud
434 1345 656 1394 promeruit,
686 1346 929 1393 quamobrem
962 1346 1054 1383 vitio
1086 1359 1170 1384 vor-

271 1417 379 1448 teres.

117 1474 207 1512 Μθὲι
251 1475 286 1511 vi
329 1475 486 1511 subacta
527 1481 581 1512 est
621 1475 755 1512 facere.
823 1474 907 1524 Ego
950 1474 987 1512 in
1029 1475 1166 1512 coelum

273 1538 403 1588 migro.
