1277 2193
117 127 193 166 156
470 138 724 168 AULULARIA.
767 138 965 167 Supposus.

192 233 305 273 Modo
323 236 415 273 mihi
433 243 604 287 apportet
623 238 749 274 aulam
768 251 861 275 auro
872 250 973 286 puro
987 248 1142 285 gravem
1153 248 1167 272 .·

154 301 175 332 5
201 298 251 335 Ut
269 299 488 337 Euclionem
507 313 665 337 socerum
686 314 727 338 ez
745 301 846 337 luctu
867 300 1057 337 retraham

191 362 262 400 Ad
277 363 521 411 hilaritatem,
542 370 576 402 et
595 365 686 402 milti
706 365 891 401 conciliem
898 364 1042 413 filiam,

190 426 256 463 Erc
275 441 479 478 compressu
498 442 571 466 meo
590 418 720 466 nbvam
731 441 968 478 puerperam.

189 490 269 528 Sed
285 505 362 530 ecce
380 493 478 530 redit
496 499 648 530 onustus
668 493 869 530 Strobilus.
934 492 984 529 Ut
1002 504 1098 538 reor,

189 555 331 593 Aulam
350 563 538 606 apportat.
576 557 654 594 -Et
673 563 767 594 certe
787 562 840 594 est
859 557 962 603 aula,
983 570 1092 606 quam
1107 557 1223 605 gerit.

132 623 172 656 10
190 620 245 657 St.
274 621 481 670 Lyconicle,
502 627 657 671 apporto
675 622 862 658 inventum
874 622 1097 670 promissum
1116 621 1200 669 tibi,

188 683 331 722 Aulam
349 686 438 722 auri
457 686 735 735 quadrilibrem.
790 685 894 722 Nam
913 698 1015 722 serus
1024 684 1097 734 fui
1109 687 1128 722 2

189 748 256 798 Ly.
286 749 436 799 Nempe.
499 750 537 786 O
566 750 623 786 dii
650 750 885 796 inmortales,
912 749 1007 799 quid
1033 749 1150 797 video,
1176 754 1244 787 aut

347 814 442 863 quid
457 814 571 851 habeo
584 817 601 849 ?

187 876 289 915 Plus
308 884 489 915 sexcentos
508 878 731 927 Philippeos
751 883 808 915 ter
827 883 862 915 et
880 883 1024 928 quater.

188 942 268 980 Sed
284 955 463 980 evocemus
483 942 703 979 Euclionem
714 942 903 991 protinus.

131 1014 172 1046 15
189 1005 257 1056 Ly.
304 1006 343 1043 0
379 1005 532 1052 Euclio,
569 1006 720 1043 Euclio.
777 1005 856 1043 Me.
899 1005 1054 1053 Euclio,
1089 1006 1241 1045 Euclio.

346 1070 419 1108 Eu.
453 1070 564 1114 Quid
581 1076 634 1108 est
649 1072 666 1106 ἶ)

190 1133 258 1184 Ly.
286 1134 479 1173 Descende
494 1134 547 1171 acl
562 1148 625 1171 nos
639 1148 651 1170 .·
679 1147 764 1171 nam
779 1134 836 1171 ([ἰί
851 1140 884 1172 te
900 1140 1085 1172 servatum
1100 1134 1239 1173 volunt.

188 1198 382 1236 Habemus
421 1199 555 1236 aulam.
613 1199 684 1236 Eu.
722 1199 947 1245 IJabetisne‚
976 1212 1026 1236 an
1059 1212 1111 1237 me
1143 1199 1242 1238 deln-

345 1262 435 1299 ditz's
451 1264 469 1298 ζ)
695 1309 697 1311 ¹

189 1325 258 1376 Ly.
287 1325 494 1373 Habemus,
513 1326 675 1375 inquam.
731 1325 856 1372 Modo,
883 1325 917 1362 si
936 1331 1058 1375 potes,
1077 1326 1147 1364 huc
1174 1325 1240 1365 ad-

346 1390 439 1427 vola.

190 1453 264 1492 Eu.
298 1453 336 1491 O
354 1467 487 1503 magne
504 1453 682 1503 Juppiter
694 1454 709 1490 !
738 1467 758 1491 o
777 1454 862 1490 Lar
869 1452 1102 1503 familiaris,
1121 1460 1157 1492 et

133 1521 174 1555 20
191 1517 351 1567 Regina
367 1518 480 1564 Juno,
501 1524 535 1555 et
553 1523 674 1555 noster
694 1518 927 1555 tlzesa‘urarie

191 1582 340 1629 Alcide,
361 1582 507 1620 tandem
526 1582 696 1619 miserari
715 1582 882 1619 miserum
901 1582 1044 1619 senem!

198 1646 274 1693 Oh,
292 1646 351 1693 ob,
370 1659 481 1696 quam
500 1646 608 1693 laetis,
629 1646 732 1692 aula,
752 1645 823 1682 tibi
842 1647 981 1683 amicus
999 1658 1105 1684 senex

196 1709 422 1760 Complector
440 1711 551 1757 ulnis,
572 1716 606 1747 et
626 1716 659 1748 te
677 1710 778 1747 dulci
797 1710 902 1759 capio
922 1709 1070 1747 osculo!

194 1773 356 1824 Ezpleri
374 1787 508 1824 nequeo
525 1774 622 1811 mille
641 1774 699 1811 vel
715 1774 964 1824 complexibus.

134 1840 177 1873 25
199 1837 238 1877 Ο
254 1850 351 1888 speS,
369 1851 390 1875 o
409 1840 496 1876 cor!
526 1839 662 1877 luctum
681 1838 922 1888 depulverans
941 1850 1065 1876 mcum.

194 1901 262 1951 Ly.
291 1901 399 1939 Auro
417 1916 541 1941 carere
560 1916 696 1952 semper
714 1903 804 1940 duxi
814 1915 1024 1953 pessumum

195 1964 255 2003 Et
264 1967 411 2017 pueris,
431 1973 465 2005 et
483 1967 590 2015 viris,
609 1973 644 2006 et
663 1967 808 2006 senibus
827 1967 1001 2005 omnibus.
