1277 2193
74 107 121 144 10
553 117 780 147 PROLOGUS

92 219 132 250 15
151 212 209 250 Ita
228 213 318 251 huic
339 215 484 252 facietis
503 216 656 253 Fabulae
677 217 881 263 silentium,

150 277 284 327 Itaque
304 279 401 328 aequi
421 286 458 317 et
473 281 564 330 justi
585 281 647 318 hio
667 281 771 318 eritis
791 294 921 318 omnes
943 281 1082 318 arbitri.

150 341 268 379 Nune
288 343 396 393 eujus
411 344 518 393 jussu
538 345 661 391 venio,
682 352 720 382 et
739 346 981 393 quamobrem
1002 344 1182 391 venerim,

151 406 311 444 Dicam:
341 408 528 457 simulque
548 409 626 457 ipse
646 409 799 458 eloquar
819 421 957 446 nomen
976 422 1113 446 meum.

151 470 258 508 ,Iovis
274 472 381 521 jussu
400 473 533 509 venio:
564 485 701 510 nomen
722 473 905 510 Mercurii
925 481 980 510 est
1000 473 1105 510 mihi.

92 540 133 572 20
152 534 262 572 Pater
284 536 359 573 huo
379 549 438 573 me
458 537 560 573 misit
582 537 625 574 ad
646 550 711 574 vos
731 544 877 574 oratum
896 551 1014 584 meus,

151 599 323 637 Tametsi
344 614 411 649 pro
432 601 603 650 imperio,
625 602 731 638 vobis
751 602 850 650 quod
871 602 1014 638 dictum
1035 602 1142 649 foret,

152 664 286 701 Scibat
306 665 492 702 facturos:
523 666 660 714 quippe
680 666 744 714 qui
765 666 998 703 intellexerat

151 728 287 766 Vereri
321 742 386 766 vos
423 742 462 766 se
500 737 537 767 et
572 737 753 777 metuere,
788 731 839 768 ita
876 738 916 767 ut
953 743 1102 780 aequum
1134 737 1202 778 est,

308 793 464 831 Jovem:

151 859 296 897 Verum
315 860 487 909 profecto
507 860 581 897 hoc
599 867 726 910 petere
746 873 806 898 me
824 860 996 910 precario

91 929 135 962 25
153 924 189 961 A
210 924 315 961 vobis
330 925 443 974 jussit
461 925 596 962 leniter
616 925 728 962 dietis
748 925 867 962 bonis.

153 988 307 1026 Etenim
327 989 402 1035 ille,
424 990 532 1039 eujus
551 990 626 1026 huo
641 989 748 1039 jussu
768 990 891 1036 venio,
913 990 1100 1038 Juppiter,

152 1052 244 1089 Non
264 1053 389 1090 minus
405 1067 516 1102 quam
531 1061 698 1090 vostrum
714 1054 835 1102 quivis
852 1054 1026 1091 formidat
1045 1054 1204 1091 malum:

154 1116 334 1155 Humana
354 1125 471 1155 matre
492 1125 614 1164 natus,
637 1119 802 1155 humano
820 1126 937 1167 patre,

154 1180 288 1218 Mirari
308 1194 385 1218 non
405 1189 460 1218 est
480 1195 643 1230 aequum,
665 1182 736 1218 sibi
757 1182 787 1218 si
806 1182 1000 1230 praetimet.

95 1250 136 1281 30
155 1245 283 1294 Atque
304 1258 375 1296 ego
396 1258 545 1294 quoque
565 1246 691 1292 etiam,
713 1246 777 1294 qui
797 1245 903 1282 Jovis
923 1258 1006 1282 sum
1025 1245 1136 1292 filius,

156 1309 396 1359 Contagione
416 1309 489 1345 mei
510 1309 626 1358 patris
646 1316 772 1345 metuo
792 1309 942 1345 malum.

155 1373 360 1422 Propterea
378 1386 471 1422 paee
493 1373 664 1419 advenio,
685 1381 722 1410 et
740 1382 871 1422 pacem
894 1373 938 1409 ad
958 1385 1024 1409 vos
1045 1373 1171 1419 affero,

157 1437 305 1474 Justam
326 1450 404 1474 rem
425 1444 462 1474 et
482 1438 630 1474 facilem
650 1450 732 1474 esse
752 1445 896 1473 oratum
919 1450 939 1473 a
957 1437 1062 1473 vobis
1082 1438 1188 1474 volo:

157 1501 259 1538 Nam
275 1502 374 1551 juste
396 1503 440 1538 ab
457 1502 568 1551 justis
583 1502 705 1550 justus
725 1515 807 1538 sum
827 1508 950 1537 orator
971 1502 1091 1538 datus.

99 1570 140 1601 35
158 1567 260 1604 Nam
281 1567 417 1616 injusta
438 1568 483 1604 ab
499 1568 609 1616 justis
631 1567 827 1616 impetrare
848 1579 923 1603 non
944 1567 1076 1604 decet:

159 1631 268 1668 Justa
289 1639 411 1668 autem
433 1632 478 1668 ab
500 1631 646 1680 injustis
665 1638 806 1680 petere,
828 1631 1044 1679 insipientia
1061 1632 1128 1667 'stz

157 1695 314 1744 Quippe
335 1695 387 1732 illi
408 1695 526 1744 iniqui
544 1696 605 1744 jus
625 1695 811 1745 ignorant,
832 1707 955 1743 neque
975 1701 1114 1731 tenent.

158 1758 277 1796 Nunc
303 1759 380 1808 jam
414 1759 489 1796 huo
523 1759 690 1796 animum
723 1771 853 1795 omnes
885 1771 930 1796 ea
962 1771 1044 1807 quae
1076 1758 1208 1807 loquar

318 1823 511 1860 advortite.

160 1887 319 1924 Debetis
338 1887 432 1923 velle
451 1899 533 1935 quae
554 1887 733 1924 velimus:
762 1886 968 1923 meruimus

103 1959 145 1990 40
163 1951 212 1989 Et
231 1963 302 2002 ego
322 1957 358 1989 et
376 1957 480 2001 pater
501 1951 547 1988 de
569 1951 672 1988 vobis
691 1957 728 1988 et
747 1950 954 2000 republica.
