1277 2193
282 113 536 143 AULULARIA.
578 116 656 143 Αετ.
680 115 736 144 111.
766 116 863 144 scm.
885 117 912 143 4.
1128 110 1202 148 125

468 283 629 319 SCENA
661 278 724 319 IV.

513 409 678 447 Eueno.

124 534 230 573 Imc
261 536 350 573 hino
380 537 480 574 abiit.
537 537 588 573 Di
619 537 863 584 immortales,
885 538 1032 575 facinus
1061 551 1124 577 au-

229 602 300 638 dax
321 602 465 650 incipit,

71 664 154 705 Qui
187 678 272 702 euni
312 666 490 714 opulento
523 678 664 714 pauper
702 665 856 703 homine
893 667 1008 716 coepit
1045 680 1124 704 rem

231 730 367 766 habere
389 738 450 766 aut
472 730 679 779 negotium,

73 793 201 831 Veluti
232 793 462 843 Megadorus
495 801 614 831 tentat
646 808 706 831 me
736 795 913 832 omnibus
946 796 1126 832 miserum

229 858 371 894 modis:

72 921 155 963 Qui
188 922 389 969 simulavit,
426 923 499 960 mei
533 923 685 961 honoris
719 924 868 961 mittere
901 924 976 961 huo
1009 924 1126 961 causei

231 999 386 1034 coquos,

75 1050 113 1089 Is
146 1050 192 1089 ea
225 1051 339 1086 causei
369 1051 482 1096 misit,
517 1051 590 1087 hoe
624 1051 687 1099 qui
724 1052 955 1100 surriperent
987 1053 1127 1090 misero

231 1114 333 1153 mihi.
1143 1125 1165 1156 5

75 1181 276 1231 Condigne
305 1180 418 1217 etiam
452 1192 558 1217 meus
590 1191 650 1216 me
684 1179 784 1215 intus
817 1180 938 1229 gallus
971 1180 1127 1231 gallina-

232 1257 334 1291 oeus,

72 1309 156 1350 Qui
175 1316 254 1347 erat
275 1309 362 1346 anui
381 1309 596 1358 peculiaris,
617 1310 780 1358 perdidit
798 1311 1037 1359 paenissume.

73 1374 149 1412 Ubi
177 1382 256 1411 erat
284 1375 364 1411 haee
392 1373 553 1419 defossa,
574 1374 738 1423 occoepit
758 1374 809 1410 ibi
831 1375 1040 1423 scalpurire
1059 1388 1127 1413 un-

231 1438 329 1487 gulis

76 1502 348 1539 circumcirca.
403 1502 512 1541 Quid
546 1514 639 1551 opus
672 1509 727 1539 est
759 1502 906 1539 verbis?
950 1503 1001 1540 ita
1032 1503 1125 1542 mihi

231 1573 363 1614 pectus
381 1566 553 1616 peraouit
568 1579 575 1602 :

75 1629 198 1681 Capio
219 1629 368 1676 fustem,
389 1631 575 1667 obtrunco
595 1630 749 1680 gallum,
773 1630 893 1667 furem
911 1631 1125 1670 manifesta-

233 1695 341 1731 rium.
1142 1710 1183 1743 10

75 1758 204 1797 Credo
232 1771 303 1808 ego
330 1758 462 1808 edepol
492 1758 545 1794 illi
574 1758 786 1795 mercedem
815 1759 916 1809 gallo
934 1760 1125 1809 pollicitos

231 1835 386 1871 coquos,

76 1886 121 1925 Si
139 1886 177 1925 id
191 1886 315 1938 palam
331 1886 492 1924 fecisset.
549 1886 684 1925 Exemi
702 1899 723 1925 e
743 1899 854 1925 manu
872 1888 1122 1926 manubrium.

390 1951 435 1989 11
451 1950 472 1971 *ὅ
