1277 2193
282 137 549 167 AMPHITRUO.
591 138 672 166 Aer.
694 136 749 165 111.
777 136 876 164 Scan.
897 137 925 164 4.
1152 131 1205 169 69

75 235 216 273 Amat?
245 237 362 286 sapit:
391 243 496 274 recte
516 236 618 282 facit,
637 235 762 272 animo
782 235 933 284 quando
952 234 1126 285 obsequi-

233 308 291 336 tur
312 313 402 337 suo:

73 364 191 404 Quod
213 378 344 402 omnes
364 365 537 402 homines
557 364 680 401 facere
700 370 859 413 oportet,
880 363 971 400 dum
991 364 1029 401 id
1049 376 1126 402 mo-

231 430 279 465 do
299 429 362 466 fiat
381 430 492 466 bono.

74 493 192 530 Nunc
224 494 542 542 Amphitruonem
575 493 651 530 volt
687 492 816 529 deludi
853 505 960 529 meus
996 498 1122 542 pater,-

232 558 316 594 saxo
335 558 462 607 probe.

74 621 161 659 Jam
189 622 253 659 hic
281 622 490 669 deludetur,
520 629 761 671 spectatores,
790 621 896 658 vobis
924 621 1126 671 spectanti-

231 687 311 723 bus.
1141 688 1182 720 15

75 751 233 800 Capiam
262 763 439 787 coronam
468 750 560 787 mihi
590 751 628 787 in
654 757 787 800 caput3
818 750 1046 787 assimulabo
1064 762 1126 788 me

230 827 312 852 esse
331 815 476 851 ebrium
492 829 498 852 :

74 879 201 929 Atque
229 880 320 916 illuc
349 893 496 916 sursum
516 879 743 916 escendero:
774 878 862 916 inde
881 886 1035 929 optume
1054 879 1126 917 cis-

229 944 365 993 pellam
385 944 517 981 virum.

75 1008 134 1045 De
162 1021 311 1058 supero,
341 1021 457 1056 quum
489 1009 564 1044 huc
599 1008 813 1054 accesserit,
843 1008 980 1045 faciam
1007 1015 1050 1045 ut
1077 1009 1126 1046 sit

231 1073 403 1109 madidus
422 1073 580 1109 sobrius.

75 1136 225 1174 Deinde
254 1137 307 1173 illi
338 1144 506 1173 actutum
534 1137 686 1173 sufferet
717 1149 806 1173 suus
839 1149 965 1174 servos
994 1149 1125 1187 poenas

232 1201 362 1239 Sosia:

74 1266 175 1304 Eum
206 1266 340 1303 fecisse
370 1266 432 1302 ille
461 1265 574 1302 hodie
605 1273 747 1315 arguet,
778 1278 861 1314 quae
894 1277 966 1316 ego
996 1265 1124 1303 fecero

231 1330 304 1367 hic.
358 1330 468 1369 Quid
488 1330 526 1366 id
545 1331 654 1366 mea‘?
1139 1332 1182 1365 20

76 1394 167 1431 Meo
195 1406 254 1431 me
280 1406 426 1442 aequum
448 1401 503 1430 est
522 1394 750 1443 morigerum
769 1394 878 1443 patri,
898 1393 978 1444 ejus
997 1394 1124 1432 studio

232 1459 369 1495 servire
390 1458 557 1494 addecet.

77 1522 154 1560 Sed
187 1534 321 1558 eccum
353 1522 692 1570 Amphitruonem3
738 1522 911 1559 advenit:
950 1522 1028 1572 jam
1060 1522 1124 1560 ille

233 1586 295 1622 hic
314 1586 510 1622 deludetur
529 1587 658 1634 probe,

78 1650 273 1698 Siquidem
293 1662 358 1685 vos
377 1650 485 1686 voltis
506 1650 751 1686 auscultando
771 1663 924 1699 operam
941 1651 1041 1688 dare.

77 1714 146 1751 Ibo
167 1714 277 1759 intro,
299 1720 470 1749 ornatum
491 1713 649 1762 capiam,
670 1714 734 1762 qui
753 1714 851 1763 potis
871 1715 990 1752 decet.

77 1778 178 1815 Dein
205 1790 353 1814 sursum
383 1777 582 1814 ascendam
610 1777 649 1814 in
669 1785 825 1825 tectum,
846 1786 887 1815 ut
906 1778 1011 1816 illum
1031 1778 1122 1816 hinc

232 1841 461 1892 prohibeam.
1137 1850 1181 1884 25
