1277 2193
44 130 96 168 52
337 139 606 168 AMPm'rRUo.
647 140 728 167 Αςτ.
750 138 790 167 11.
817 138 918 167 Sem.
939 138 966 165 ρ.

123 235 186 283 Ut,
207 237 308 286 quod
337 239 506 285 obrodat,
528 238 587 285 sit,
611 238 736 275 animo
764 238 796 275 si
825 238 922 274 male
951 248 1033 274 esse
1053 248 1179 273 occoe·

278 303 386 352 perit.

122 365 209 404 Am.
238 366 303 403 Tu
323 380 383 405 me
403 368 484 404 heri
505 367 568 404 hio
587 367 738 404 vidisti?
793 367 858 404 Al.
889 366 986 416 Ego,
1008 365 1175 414 inquam,

280 432 312 469 si
331 433 387 469 vis
407 433 535 469 decies
555 433 694 469 dicere.

122 495 209 533 Am.
236 495 281 533 In
302 497 444 533 somnis
461 497 627 533 sortasse.
678 496 744 533 Al.
772 496 893 532 Immo
910 495 1069 544 vigilans
1084 493 1177 543 vigi-

279 561 430 598 lantem.
487 561 572 598 Am.
604 561 671 598 Vae
692 561 831 596 misero
853 559 965 595 mihi!

65 626 105 658 95
123 624 185 662 So.
227 624 338 664 Quid
370 625 438 662 tibi
476 627 558 662 est?
625 625 710 661 Am.
754 624 902 661 Delirat
938 635 1042 659 uxor.
1113 622 1176 659 So.

279 688 377 724 Atrei
398 688 463 724 bili
482 688 626 737 percita
645 695 710 725 est.

121 751 241 789 Nulla
260 765 320 789 res
341 760 418 789 tam
438 752 634 789 delirantis
654 751 828 788 homines
848 750 1055 787 concinnat
1076 749 1163 786 cito.

122 817 208 855 Am.
240 817 316 854 Ubi
348 817 511 866 primum
540 817 607 853 tibi
635 816 797 861 sensisti,
826 815 973 861 mulier,
1000 813 1179 862 implicis-

281 882 386 918 ciet?

124 945 189 983 Al.
228 945 418 994 Equidem
447 952 594 982 ecastor
628 958 720 982 sana
747 952 784 981 et
812 944 913 980 salva
940 956 1035 980 sum.
1091 942 1178 980 Am.

281 1010 360 1047 Cur
380 1010 494 1060 igitur
513 1010 697 1059 praedicas

123 1074 186 1112 Te
217 1075 298 1111 heri
330 1087 390 1111 me
423 1075 574 1120 vidisse,
604 1074 668 1122 qui
702 1074 774 1110 hac
806 1080 923 1109 noctu
958 1071 996 1108 in
1028 1078 1180 1120 portum

283 1139 428 1176 advecti
449 1139 604 1175 sumus?

47 1211 107 1246 100
124 1203 184 1240 Ibi
212 1203 370 1249 coenavi,
395 1210 506 1251 atque
536 1203 588 1239 ibi
618 1202 743 1250 quievi
765 1202 803 1238 in
823 1201 908 1238 navi
928 1207 1080 1236 noctem
1100 1212 1182 1248 per-

282 1274 417 1316 petem.

125 1331 264 1380 Neque
284 1344 409 1368 meum
428 1331 563 1380 pedem
584 1331 660 1366 huc
688 1330 797 1366 intuli
817 1329 931 1365 etiam
953 1329 991 1365 in
1013 1328 1117 1374 fedis,
1139 1334 1181 1364 ut

285 1408 372 1432 cum
392 1395 561 1432 exercitu

128 1461 234 1498 Hinc
260 1460 452 1510 profectus
481 1472 563 1496 sum
593 1459 638 1495 ad
667 1458 857 1495 Teleboas
886 1456 1017 1503 hostis,
1039 1469 1182 1504 eosque

287 1532 327 1561 ut
346 1524 517 1561 vicimus.

130 1590 195 1628 Al.
225 1589 348 1625 Immo
368 1601 517 1625 mecum
537 1587 745 1633 ooenavisfi,
767 1593 802 1623 et
824 1598 972 1622 mecum
1002 1584 1179 1622 cubuisti.

287 1653 372 1689 Am.
401 1652 510 1691 Quid
531 1652 568 1688 id
588 1659 643 1688 est
656 1653 669 1688 ’ἶ

132 1718 198 1758 Al.
240 1718 342 1755 Vera
375 1717 472 1754 dico.
538 1716 624 1753 Am.
667 1715 757 1751 Non
793 1714 944 1763 quidem
976 1712 1103 1750 hercle
1136 1711 1184 1748 de

291 1782 363 1818 hac
381 1794 433 1827 re,
455 1781 501 1817 de
523 1780 604 1816 aliis
624 1780 766 1816 neseio.

58 1855 118 1888 105
134 1847 201 1886 Al.
229 1846 398 1884 Primulo
419 1845 588 1882 diluculo
617 1844 764 1881 abivisti
793 1843 839 1880 ad
858 1842 1037 1893 legiones.
1095 1840 1181 1877 Am.

290 1909 525 1950 Quomodo?
