1277 2193
290 102 548 133 AULULARIA.
591 103 671 131 Aer.
694 102 717 130 1.
744 101 844 130 scm.
867 101 892 128 1.
1145 90 1198 128 99

352 272 512 306 ACTUS
544 272 569 305 I.
610 271 770 306 SCENA
803 271 829 305 I.

373 395 537 433 Eueno.
578 396 804 432 STAPHYLA.

114 523 192 561 Ειι.
223 524 314 570 Exi,
336 523 502 573 inquam,
525 536 593 574 age
613 524 684 562 exi.
741 523 968 560 Exeundum
987 522 1115 562 hercle

217 588 285 625 tibi
306 588 396 625 hinc
415 595 473 625 est
493 588 605 634 foras,

63 652 425 702 Circumspectatrix
444 665 532 690 cum
552 653 674 690 oculis
693 652 896 690 emissitiis.

62 717 120 755 St.
157 717 259 754 Nam
297 730 364 754 cur
392 729 453 754 me
482 717 657 754 miseram
690 717 892 754 verberas?
947 717 1026 754 Eu.
1065 716 1116 755 Ut

217 782 354 819 misera
374 782 437 828 sis,

62 845 189 894 Atque
208 852 250 882 ut
269 852 306 883 te
326 846 481 896 dignam
501 845 600 883 mala
619 846 756 883 malam
777 852 926 882 aetatem
946 845 1086 896 exigas.

61 909 119 946 St.
149 909 251 947 Nam
279 909 353 958 qua
382 922 442 946 me
461 922 565 947 nunc
594 910 707 947 causa
737 909 927 947 extrusisti
955 922 1002 947 ex
1029 909 1117 947 aedi-

220 974 319 1010 bus?
1133 981 1154 1012 5

68 1037 139 1074 Eu.
186 1037 280 1074 Tibi
326 1050 397 1087 ego
442 1038 626 1075 rationem
670 1038 839 1085 reddam,
877 1038 1118 1076 stimulorum

220 1114 327 1152 seges
339 1103 354 1138 'Z

61 1166 158 1203 Illuc
178 1166 377 1216 regredere
398 1167 443 1202 ab
463 1166 582 1203 ostio:
613 1166 702 1202 illuc
723 1166 783 1202 sis.
839 1165 952 1213 Vide,
971 1173 1013 1203 ut

61 1230 222 1268 Incedit.
280 1231 333 1267 At
353 1230 446 1267 scin'
471 1243 546 1279 quo
566 1231 678 1267 modo
698 1230 766 1267 tibi
787 1242 846 1267 res
866 1243 906 1267 se
925 1230 1064 1268 habet?

63 1295 105 1332 Si
131 1295 242 1333 hodie
270 1295 397 1332 hercle
426 1294 561 1331 fustem
592 1307 741 1344 cepero,
764 1301 827 1332 aut
854 1294 1049 1332 stimulum
1077 1295 1117 1332 in

216 1371 383 1405 manum,

63 1422 340 1459 Testudineum
362 1423 475 1460 istum
494 1422 564 1459 tibi
584 1434 655 1472 ego
675 1423 861 1472 grandibo
880 1423 1050 1473 gradum.
1136 1436 1176 1468 10

67 1487 121 1523 St.
152 1486 307 1523 Utinam
328 1499 387 1524 me
407 1487 482 1523 divi
504 1487 654 1523 adaxint
675 1487 720 1523 ad
741 1488 985 1535 suspendium

64 1551 198 1588 Potius
218 1550 383 1599 quidem,
404 1563 516 1599 quam
537 1551 610 1587 hoc
629 1558 741 1599 pacto
763 1551 859 1599 apud
879 1558 916 1588 te
935 1551 1105 1591 serviam.

65 1615 142 1653 En.
173 1615 226 1651 At
246 1622 286 1650 ut
305 1615 464 1651 scelesta
483 1615 562 1651 sola
581 1627 710 1651 secum
730 1616 958 1652 murmurat!

65 1679 212 1716 Oculos
231 1679 358 1715 hercle
377 1691 449 1728 ego
469 1679 571 1725 istos,
593 1679 774 1727 improba,
796 1679 971 1716 effodiam
990 1680 1073 1727 tibi,

66 1743 128 1780 Ne
148 1755 209 1780 me
229 1743 427 1779 observare
445 1743 579 1791 possis,
600 1743 691 1790 quid
710 1755 834 1779 rerum
854 1755 994 1792 geram.
1135 1754 1176 1786 15

67 1807 266 1845 Abscede:
288 1807 400 1844 etiam
416 1819 541 1843 nunc:
563 1806 675 1843 etiam
690 1819 815 1843 nunc:
837 1807 961 1845 etiam.
1007 1808 1115 1845 Ohe!

67 1871 159 1909 Istic
180 1871 334 1909 adstato.
393 1871 434 1907 Si
455 1870 581 1907 hercle
601 1877 641 1908 tu
661 1883 706 1908 ex
727 1871 822 1908 istoc
839 1871 926 1908 loco
