1277 2193
255 142 508 172 AULULARIA.
549 144 629 171 Acrr.
651 143 708 172 111.
737 144 835 172 Sem.
856 144 883 172 2.
1100 137 1171 175 121

40 240 99 279 Ita
118 253 177 279 me
206 242 384 280 miserum
405 250 442 280 et
466 256 570 280 meos
590 243 797 293 discipulos
817 243 978 281 fustibus
997 244 1094 282 male

197 308 462 344 contuderunt.

38 370 163 408 Totus
183 371 305 418 doleo,
328 379 437 420 atque
467 372 606 421 oppido
634 373 741 422 perii,
764 373 816 409 ita
843 386 904 410 me
932 373 1002 410 iste
1031 373 1094 410 ha-

196 436 276 472 buit
296 449 410 472 senex
429 437 677 486 gymnasium.
1108 434 1129 464 5

37 498 175 548 Neque
205 500 308 549 ligna
340 513 411 550 ego
441 514 598 549 usquam
630 502 799 551 gentium
828 502 987 550 praeberi
1015 502 1091 539 vidi

193 564 409 612 pulchrius:

36 626 169 676 Itaque
198 629 320 665 omnis
345 629 469 678 exegit
490 630 600 676 foras,
622 642 682 666 me
704 637 814 679 atque
834 630 915 677 hos,
936 637 1091 668 onustos

194 692 365 729 fustibus.

35 755 156 802 Attat,
176 757 271 805 perii
301 757 427 794 hercle
455 770 526 808 ego
555 758 689 795 miser!
722 759 839 808 aperit
859 759 1088 797 Bacchanal.

191 820 335 858 Adest:

35 883 226 932 Sequitur.
298 885 389 922 Scio
422 899 535 934 quam
572 899 651 924 rem
684 899 835 937 geram:
878 887 953 924 hoc
987 887 1090 937 ipsus

192 949 375 999 Magister
396 963 455 987 me
476 951 616 988 docuit.

442 1148 568 1183 SCEN
571 1150 600 1182 A
637 1149 680 1183 ΙΙ.

360 1271 524 1309 Eucmo.
565 1273 761 1310 Commo.

87 1398 165 1437 Eu.
195 1399 319 1447 Ram,
346 1414 421 1449 quo
451 1402 549 1450 fugis
578 1403 706 1438 nunc?
736 1408 834 1448 tene,
864 1408 961 1438 tene.
1021 1401 1085 1441 Co.

190 1464 311 1510 Quid,
332 1465 479 1510 stolide,
501 1466 666 1502 clamas?

34 1526 114 1565 Eu.
144 1527 251 1568 Quia
279 1529 322 1565 ad
353 1529 553 1565 Tresviros
578 1530 655 1578 jam
685 1542 756 1579 ego
784 1530 950 1567 deferam
979 1540 1086 1568 tuum

192 1604 342 1629 nomen.
401 1593 464 1629 C'o.
493 1593 782 1632 Quamobrem?

35 1655 113 1693 Eu.
143 1655 250 1695 Quia
283 1656 444 1693 cultrum
478 1657 602 1693 habes.
677 1658 739 1694 C'o.
781 1658 930 1695 Cocum
963 1658 1083 1696 decet.

193 1720 272 1756 Eu.
301 1721 410 1760 Quid
430 1722 684 1758 comminatus

36 1783 162 1822 Mihi?
220 1784 283 1822 Co.
313 1785 417 1822 Istuc
445 1786 687 1822 malefactum
709 1787 880 1833 arbitror,
901 1786 990 1836 quia
1008 1799 1085 1825 non

193 1849 291 1885 latus
311 1849 399 1886 fodi.

37 1912 115 1951 Eu.
155 1913 284 1950 Homo
329 1914 455 1951 nullus
492 1921 548 1951 est
584 1921 620 1952 te
657 1915 850 1953 scelestior
887 1915 951 1965 qui
987 1915 1086 1953 vivat

192 1977 319 2023 hodie,
1102 1984 1124 2015 5

196 2053 218 2077 1>
354 2042 397 2079 ll
