1277 2193
55 125 108 163 28
343 131 611 162 AMPfflTRUo.
651 134 733 161 AcT.
754 132 777 161 Ι.
806 133 905 162 Sem.
930 133 953 162 l.

56 236 118 268 205
136 230 197 267 So.
235 230 338 267 Tun'
360 231 472 268 domo
498 231 697 281 prohibere
724 245 880 283 peregre
898 245 959 270 me
985 233 1182 270 advenien-

291 303 366 333 tem
386 297 578 345 postulas?

135 359 209 397 Me.
249 360 434 398 Haeccine
467 368 531 398 tua
563 361 750 399 domu’st?
816 363 877 400 So.
914 363 985 409 Ita,
1016 363 1180 412 inquam.

291 425 365 462 Me.
403 425 505 464 Quis
526 426 637 462 herus
657 434 712 463 est
732 427 844 476 igitur
863 428 952 464 tibi!

136 488 199 526 So.
238 489 479 538 Amphitruo,
510 490 573 538 qui
601 503 704 527 nunc
730 492 959 540 praefectu'st
985 491 1183 528 Thebanis

291 553 505 603 legionibus
518 567 526 598 ;

135 616 309 657 Quicum
337 626 454 666 nupta
481 625 538 655 est
566 618 789 656 Alcumena.
854 620 928 657 Me.
965 619 1074 660 Quid
1104 620 1183 656 ais?

294 682 392 730 quod
414 695 552 719 nornen
573 683 640 719 tibi
660 685 742 721 est?

138 745 201 782 So.
241 745 390 782 Sosiam
422 752 558 782 vocant
589 746 780 793 Thebani,
814 747 922 784 Davo
957 753 1184 797 prognatum

292 817 409 858 patre.

58 874 121 907 210
138 873 212 911 Με.
250 873 322 910 Nae
342 881 382 910 tu
403 874 488 911 istic
508 874 620 912 hodie
641 875 739 912 malo
757 881 823 912 tuo
845 875 1065 924 compositis
1085 887 1187 911 men-

294 939 414 976 daciis

139 1003 352 1050 Advenisti‚
375 1004 541 1041 audaciae
562 1005 750 1051 columen,
772 1004 940 1041 consutis
960 1004 1067 1041 dolis.

139 1067 202 1105 So.
241 1067 363 1105 Immo
383 1069 558 1117 equidem
577 1069 717 1106 tunicis
737 1069 906 1105 consutis
921 1069 996 1106 huc
1014 1069 1184 1115 advenio,

295 1145 372 1169 non
392 1133 497 1170 dolis.

140 1197 214 1234 Me.
253 1197 307 1233 At
336 1197 504 1233 mentiris
532 1198 666 1234 etiam:
696 1204 800 1234 certo
826 1198 998 1246 pedibus,
1027 1209 1103 1233 non
1131 1203 1188 1234 tu-

296 1260 393 1297 nicis
413 1261 527 1297 venis.

141 1314 203 1362 Si).
241 1324 301 1362 Ita
318 1325 498 1374 profecto.
555 1325 627 1362 Me.
663 1325 780 1362 Nunc
798 1325 966 1374 profecto
986 1325 1120 1375 vapula
1138 1326 1187 1362 ob

299 1390 549 1427 mendacium.
944 1393 983 1408 “''
1095 1378 1197 1427 ‘⁷⁷7⁴'1‘f

64 1459 125 1491 215
143 1454 206 1491 So.
240 1454 330 1491 Non
351 1454 482 1502 edepol
502 1454 586 1490 volo
605 1454 785 1502 profecto.
842 1454 915 1490 Me.
951 1455 1004 1491 At
1022 1455 1082 1503 pol
1102 1468 1187 1504 pro-

301 1519 399 1555 fecto
420 1518 599 1567 ingratiis.

146 1582 232 1619 Hoc
248 1583 397 1630 quidem
415 1582 582 1631 profecto
599 1583 762 1628 certu’st,
779 1595 853 1618 non
870 1589 923 1618 est
940 1583 1185 1620 arbitrarium.
1244 1608 1249 1613 ·

145 1647 208 1683 So.
247 1647 374 1683 Tuam
402 1647 513 1682 fidem
542 1647 720 1682 obsecro!
789 1646 862 1683 Me.
902 1646 1045 1683 Tun’te
1075 1648 1188 1684 audes

303 1711 451 1747 Sosiam
470 1723 550 1747 esse
570 1710 708 1756 dicere,

146 1774 228 1814 Qui
248 1787 319 1824 ego
339 1776 448 1811 sum?
504 1776 566 1811 So.
604 1775 728 1811 Perii!
784 1775 857 1811 Me.
896 1775 1034 1812 Parum
1062 1775 1187 1823 etiam,

300 1846 419 1888 praeut
440 1839 604 1876 futurum
624 1846 692 1885 est,
711 1839 903 1888 praedicas.

146 1903 299 1952 Quojus
326 1915 429 1939 nunc
457 1905 525 1940 es?
580 1903 640 1940 So.
679 1903 810 1940 Tuus:
839 1915 925 1940 nam
952 1904 1091 1954 pugnis
1118 1915 1188 1941 usu

305 1966 426 2003 fecisti
446 1974 561 2003 tuum.
