1277 2193
90 119 166 159 148
476 129 729 158 AULULARIA.
769 131 848 159 Aer.
872 131 907 159 v.

575 299 738 334 ACTUS
762 300 806 334 V.

428 422 664 460 STROBILUS.
709 423 953 460 LYCONIDES.

217 548 276 587 St.
306 549 357 587 Di
379 550 620 598 immortales,
641 551 777 601 quibus
796 558 833 588 et
852 551 1002 600 quantis
1021 563 1081 589 me
1101 551 1217 591 dona-

321 615 369 652 tis
387 616 549 665 gaudiis,

162 677 448 719 Quadrilibrem
481 680 603 716 aulam
633 692 724 717 auro
752 687 925 717 onustam
954 680 1097 718 habeo:
1131 681 1215 731 quis

321 756 381 781 me
401 751 457 781 est
476 744 652 781 divitior?

161 806 265 848 Quis
283 820 344 845 me
359 808 523 845 Athenis
541 821 645 845 nunc
665 809 784 859 magis
799 809 996 858 quisquam
1012 815 1068 847 est
1086 810 1213 858 homo,

320 873 383 909 eui
403 872 441 908 di
461 873 535 909 sint
554 873 733 922 propitii?

161 936 239 986 Ly.
269 936 386 974 Certo
414 937 516 974 enim
544 949 615 986 ego
643 949 775 974 vocem
796 936 859 973 hic
886 936 1077 985 loquentis
1101 937 1214 977 modo

319 1012 381 1037 me
401 1000 530 1038 audire
549 1001 650 1037 visus
669 1013 763 1037 sum.
820 1000 878 1038 St.
910 1000 1032 1037 Hem!

124 1064 362 1103 5Herumne
389 1077 460 1115 ego
490 1065 633 1114 aspicio
661 1066 814 1101 meum?
883 1065 959 1114 Ly.
989 1064 1115 1102 Video
1142 1077 1214 1116 ego

320 1130 422 1167 hunc
443 1130 663 1175 Strobilum,
685 1142 832 1166 servum
852 1131 1005 1166 meum?

162 1193 221 1231 St.
251 1194 360 1243 Ipsus
388 1200 455 1231 est.
525 1194 600 1242 Ly.
632 1194 747 1230 Haud
777 1194 872 1230 alius
901 1200 966 1230 est.
1024 1193 1082 1230 St.
1113 1193 1214 1231 Con-

318 1257 477 1307 grediar.
534 1258 610 1305 Ly.
641 1257 856 1294 Contollam
876 1257 1046 1305 gradum.

162 1320 289 1358 Credo
317 1333 390 1370 ego
418 1320 536 1366 illum,
557 1327 597 1356 ut
622 1320 729 1368 jussi,
753 1332 903 1368 eampse
933 1332 1045 1356 anum
1075 1319 1210 1367 adisse,

320 1384 431 1433 hujus
450 1384 637 1420 nutricem
657 1383 822 1433 virginis,

163 1449 222 1486 St.
252 1449 362 1489 Quin
390 1461 462 1498 ego
491 1448 547 1484 illi
576 1461 635 1484 me
664 1448 851 1485 invenisse
879 1448 966 1484 dico
994 1447 1093 1485 hanc
1120 1461 1212 1498 prae-

320 1513 419 1558 dam,
442 1520 552 1561 atque
572 1508 754 1560 eloq‘uor?

162 1576 283 1626 Igitur
311 1578 427 1613 orabo
448 1584 489 1613 ut
517 1589 630 1613 manu
652 1589 710 1612 me
731 1576 861 1613 mittat.
917 1576 987 1612 Ibo
1007 1583 1116 1625 atque
1135 1577 1211 1613 elo-

320 1653 422 1689 quar.

106 1713 145 1745 10
164 1702 342 1753 Repperi.
399 1704 475 1753 Ly.
501 1703 609 1743 Quid
625 1703 846 1752 repperisti?
901 1703 959 1740 St.
987 1703 1091 1749 Non,
1108 1704 1209 1752 quod

317 1768 424 1816 pueri
444 1767 651 1813 clamitant,

162 1829 208 1868 In
240 1830 325 1868 saba
358 1843 398 1868 se
429 1831 647 1880 repperisse.
718 1832 792 1880 Ly.
828 1830 963 1868 Jamne
997 1838 1133 1878 autem,
1166 1837 1208 1868 ut

317 1894 426 1942 soles,
447 1893 621 1932 deludis?
