1277 2193
326 126 594 158 AMPHITRUO.
635 127 835 156 Supposm.
1129 115 1188 153 83·

50 225 138 263 Am.
167 225 326 264 Parata
345 227 448 273 navi,
469 227 573 264 clavo
592 226 745 263 lzoereres
765 225 898 262 sedulo.

50 290 112 328 Ju.
150 291 199 328 Ut
227 292 261 328 si
287 292 408 328 nostri
428 290 574 340 fugam
597 290 790 340 facerent,
819 290 910 326 illuc
942 302 995 326 me
1023 294 1103 326 tuto

206 355 412 405 reciperem.

50 419 137 456 Am.
167 420 262 457 Item
290 420 410 466 aliud,
438 425 480 456 ut
514 419 599 456 bene
632 425 856 455 nummatum
888 425 1104 456 servaretur

206 485 446 533 marsupium.

50 548 112 585 Ju.
138 548 236 593 Quo:
251 549 422 598 pecuniae²
436 551 452 584 ,⁷
510 548 566 584 Bl.
596 548 695 584 Tace
714 548 765 584 sis
786 554 840 594 tu,
861 549 989 585 meu'st
1008 561 1105 598 quee-

206 626 296 649 rere.
353 612 474 649 Scisti
493 615 708 649 numerum?
1121 612 1163 644 40

51 677 113 714 Ju.
152 677 315 714 Talenta
343 677 627 727 quinquaginta
655 677 802 713 Attica.
861 676 918 713 Bl.
948 676 1030 713 Hic
1050 689 1106 714 ex-

208 742 381 778 amussim
400 755 473 778 rem
493 747 673 783 enarrat,·
703 746 737 778 et
757 746 808 777 tu.

51 805 112 842 Ju.
147 805 252 850 Quot
288 806 518 855 Philippei?
591 805 678 842 Am.
722 805 814 842 Duo
849 805 965 841 milia.
1041 804 1103 842 Ju.

212 870 325 907 Oboli
343 883 427 907 vero
447 870 502 906 bis
523 869 682 906 totidem.
740 870 803 906 So.
841 869 1002 919 Uterque

50 934 148 972 Rem
175 940 271 972 tenet
292 934 420 984 probe,
440 934 543 971 intus
572 934 612 970 in
641 933 811 971 crumena
832 934 998 970 clausum
1017 933 1107 971 alte-

207 1012 289 1034 rum
308 1012 382 1035 esse
401 999 577 1048 oportuit.

53 1061 114 1099 Ju.
148 1062 312 1099 Attende
348 1063 399 1098 sis
413 1075 425 1097 :
463 1062 532 1098 lzac
564 1061 728 1107 dextera,
761 1067 803 1097 ut
839 1061 952 1107 misti,
985 1074 1107 1110 regem

209 1127 373 1163 mactavi
391 1126 609 1167 Pterelam;

53 1191 188 1241 Spolia
206 1191 327 1228 ademi
337 1205 350 1232 ;
378 1196 413 1227 et
432 1196 621 1239 pateram,
643 1189 718 1240 qud
738 1190 799 1227 ille
820 1195 955 1239 potare
975 1191 1106 1228 solitus

210 1260 276 1301 est,
298 1255 337 1290 in
358 1253 503 1291 cistellci
1122 1262 1164 1293 45

54 1318 210 1357 Pertuli
221 1332 234 1355 .-
263 1319 355 1356 dono
373 1319 481 1355 uxori
499 1331 583 1355 meae
598 1318 695 1364 dedi,
713 1317 781 1367 qui
797 1331 875 1355 cum
890 1318 995 1356 lzodie
1010 1318 1107 1356 domi

211 1383 302 1429 lavi,

57 1445 298 1496 Sacrificavi,
314 1447 434 1484 cubui.
491 1446 577 1483 Am.
607 1446 688 1484 Hei
707 1446 822 1483 mihi!
852 1445 947 1496 quid
963 1446 1105 1484 audio?

212 1510 274 1547 viz
292 1511 396 1560 apud
411 1524 463 1548 me
482 1524 560 1548 sum
573 1524 585 1546 .·

66 1573 241 1623 Vigilans
270 1575 405 1624 quippe
432 1575 598 1612 dormio:
625 1574 792 1624 vigilans
821 1574 970 1622 somnio,
998 1574 1105 1612 vivus

214 1643 248 1675 et
267 1651 379 1675 sanus
398 1639 546 1676 intereo.

57 1701 149 1752 Ego
167 1701 262 1739 idem
276 1702 338 1739 ille
357 1715 435 1739 sum
449 1703 688 1752 Amphitruo,
703 1703 967 1753 Gorgophones
981 1716 1105 1754 nepos,

213 1766 415 1816 imperator
441 1766 699 1804 Thebanorum
711 1781 724 1803 .·

59 1829 118 1867 Et
146 1829 316 1869 Creontis
344 1830 489 1878 unicus,
517 1831 756 1870 Teleboarum
775 1831 980 1882 perduellis
996 1845 1009 1868 :
1040 1832 1106 1884 qui

216 1893 439 1933 Acarnanes
1121 1903 1164 1936 50
