1277 2193
67 123 122 162 ’78
413 131 680 160 AMPHITRUO.
721 132 923 160 Supposmz.

152 229 373 279 Opportune
401 236 521 267 tamen
550 244 587 267 se
614 230 735 281 offert,
760 237 802 268 ut
829 231 955 268 uxoris
972 230 1093 280 facta
1120 243 1200 269 con-

304 296 449 332 vincam
470 296 612 345 turpia.

151 359 263 404 Quid
291 360 361 397 leuc
394 361 447 397 acl
475 374 528 397 me
559 359 782 410 ΒῖεΡΙιανο,7
853 360 909 397 Bl.
936 361 1089 397 Oblitus
1123 366 1199 397 tam

302 426 387 471 cito,
408 438 518 475 quam
539 425 702 461 diluculo

86 496 128 527 45
145 488 294 526 Misisti
313 489 366 526 ad
382 490 507 526 navim
527 489 687 536 Sosiam,
708 496 750 526 ut
778 489 883 526 hodie
903 495 1018 526 tecum
1038 490 1201 526 convive-

301 557 405 591 rem?

145 617 232 655 Am.
270 618 470 667 Nusquam
492 618 648 668 factum
673 619 853 667 gentium.
925 618 1003 655 Sed
1027 619 1092 655 ubi
1119 619 1199 656 illic

301 683 503 720 scelestus?
561 683 616 720 Bl.
653 683 784 727 Quis?
840 683 928 720 Am.
958 683 1081 720 Sosia.

145 747 203 784 Bl.
232 747 377 784 Eccum
395 748 509 785 illum.
567 749 654 785 Am.
693 748 794 784 Ubi?
852 747 908 785 Bl.
938 748 1040 785 Ante
1065 748 1197 785 oculos.

300 812 388 848 Non
417 812 517 849 vides
531 815 548 848 ,7
605 812 662 849 ΒΙ.
702 812 771 849 Vix
791 812 894 849 video
907 825 992 861 prae
1011 812 1086 859 ira,
1108 812 1200 849 adeo

299 889 352 913 me
371 877 457 913 istic

143 938 271 977 Hodie
291 940 447 977 delirum
456 940 568 990 fecit.
626 940 685 977 Ne
706 946 739 978 te
759 940 988 990 sacruficem,
1008 953 1199 991 nunquam

301 1005 442 1042 evades.

144 1068 236 1106 Sine
254 1082 319 1115 me,
340 1069 544 1118 Blepliaro.
602 1069 658 1106 Bl.
689 1069 893 1115 Ausculta,
907 1082 1052 1119 precor.
1109 1070 1196 1107 Am.

302 1133 395 1179 Dic,
417 1134 595 1170 ausculto.
661 1134 719 1169 Tu
740 1134 891 1183 vapula.

86 1203 127 1236 50
146 1198 210 1235 So.
244 1197 337 1241 Qud
365 1197 408 1234 de
436 1200 504 1234 re?
541 1211 627 1234 uum
654 1199 749 1234 satis
777 1199 960 1247 tempori?
997 1212 1069 1235 nou
1097 1199 1197 1236 ocius

302 1262 419 1311 quivi,
439 1262 473 1297 si
491 1275 543 1297 me

146 1325 341 1363 Doedaleis
358 1326 521 1362 tulissem
537 1326 716 1374 remigiis.
774 1325 830 1362 Bl.
858 1326 1032 1373 Abstine,
1049 1339 1196 1376 quoeso‚·

303 1403 373 1427 uon
389 1391 576 1440 potuimus

146 1454 307 1492 Nostros
332 1454 522 1503 grandius
547 1455 733 1503 grandire
757 1455 916 1503 gradus.
987 1455 1073 1491 Am.
1109 1455 1197 1493 Sive

300 1519 566 1567 grallatorius,
587 1518 663 1555 sive

155 1583 400 1620 Testudineus
409 1582 551 1632 fuerit,
568 1589 705 1619 certum
721 1584 767 1619 'st
786 1584 877 1619 mihi
895 1583 990 1620 hunc
1009 1584 1196 1621 scelestum

298 1647 479 1697 perdere:

149 1711 217 1749 En
244 1712 404 1749 tectum!
438 1725 481 1748 en
508 1712 683 1760 tegulas!
716 1725 759 1749 en
787 1712 964 1749 obductas
981 1712 1119 1762 fores!
1153 1726 1195 1750 eu

307 1775 538 1825 ludificatum
557 1777 680 1813 herum
693 1777 709 1813 !

92 1847 134 1880 55
150 1839 218 1879 En
235 1840 424 1879 verborum
442 1841 585 1878 scelus!
641 1840 698 1877 Bl.
733 1840 843 1885 Quid
858 1841 949 1879 mali
964 1841 1067 1891 fecit
1094 1841 1195 1880 tibi?

306 1904 395 1945 Am.
423 1904 590 1954 Rogas?
620 1917 661 1943 ez
679 1905 744 1942 illo
