1277 2193
265 158 534 189 AMPHITRUO.
576 159 658 187 Αετ.
679 158 718 187 11.
747 159 848 188 scm.
869 158 896 187 ε.
1131 149 1185 186 55

49 257 134 299 Qui
167 258 266 296 illaeo
294 258 374 296 illic
406 271 467 296 me
499 259 680 296 donatum
712 270 794 295 esse
828 257 942 295 aurea
974 256 1105 307 patera

209 324 318 370 sciat,

50 387 137 426 Nisi
157 395 198 425 tu
218 388 360 425 dudum
380 388 479 425 hano
505 388 729 434 convenisti,
749 394 787 425 et
805 387 1003 424 narravisti
1023 386 1106 424 haec

208 453 346 490 omnia.
1124 454 1184 486 135

50 517 113 555 So.
151 517 290 566 Neque
323 517 455 566 edepol
490 530 562 567 ego
595 517 686 564 dixi,
714 529 838 566 neque
871 516 981 553 istam
1013 516 1104 561 vidi,

208 582 281 619 nisi
302 590 426 618 tecum
448 582 570 618 simul.

49 645 136 684 Am.
173 646 283 686 Quid
312 647 385 683 hoo
414 647 461 682 sit
490 646 674 683 hominis!
731 645 797 682 Al.
828 645 917 682 Vin'
946 645 1105 695 proferri

206 712 401 760 pateram?
457 711 542 747 Am.
573 710 739 747 Proferri
758 710 854 746 volo.

50 774 115 812 Al.
146 775 242 812 Fiat.
299 775 376 821 Tu,
397 775 597 821 Thessala,
618 775 719 811 intus
746 781 914 823 pateram
939 774 1106 823 proferto

208 840 319 886 foras,

47 903 142 945 Qua
170 904 284 941 hodie
313 917 419 941 meus
447 904 502 941 vir
531 904 684 941 donavit
712 916 783 940 me.
840 903 926 940 Am.
958 903 1106 940 Secede

207 969 282 1005 hue
302 976 356 1016 tu,
379 969 498 1006 Sosia.

50 1033 256 1070 Enimvero
285 1033 377 1069 illud
404 1040 538 1082 praeter
568 1033 640 1069 alia
667 1033 763 1069 mira
783 1032 896 1068 miror
916 1044 1104 1078 maxume,
1124 1043 1184 1074 140

51 1098 94 1135 Si
123 1098 205 1134 haeo
233 1097 346 1134 habet
372 1104 540 1146 pateram
570 1097 682 1133 illam.
740 1097 802 1133 So,
833 1097 896 1132 An
925 1096 1039 1133 etiam
1068 1097 1107 1133 id

209 1161 344 1207 credis,
366 1174 448 1209 quae
470 1161 507 1197 in
528 1161 599 1197 hac
619 1160 806 1197 cistellula

49 1226 141 1264 Tuo
170 1226 279 1275 signo
308 1226 507 1275 obsignata
534 1225 677 1261 fertur?
733 1225 818 1261 Am.
850 1224 1005 1261 Salvum
1033 1225 1107 1275 sig-

207 1302 299 1326 num
318 1290 400 1326 est?
455 1289 517 1325 So.
547 1288 710 1337 Inspice.

51 1354 137 1392 Am.
176 1353 315 1400 Recte,
345 1354 396 1390 ita
429 1360 483 1390 est
516 1361 558 1390 ut
587 1353 793 1403 obsignavi.
860 1353 922 1390 So.
959 1353 1106 1393 Quaeso

210 1419 300 1467 quin
319 1425 360 1455 tu
381 1419 502 1455 istanc
518 1418 627 1467 jubes

53 1482 128 1520 Pro
148 1483 284 1520 cerrita
302 1483 537 1519 circumferri
552 1484 564 1519 ἶ
619 1483 704 1519 Am.
735 1481 881 1531 Edepol
898 1482 988 1530 quin
1005 1482 1105 1519 sacto

210 1554 266 1584 est
285 1560 388 1596 opus.

53 1612 157 1651 Nam
193 1613 275 1650 haec
313 1613 466 1661 quidem
503 1613 634 1661 edepol
672 1613 858 1649 larvarum
888 1613 1001 1662 plena
1036 1620 1102 1650 est.

209 1676 274 1714 Al.
303 1676 410 1717 Quid
431 1677 554 1714 verbis
572 1678 656 1726 opu'
680 1678 761 1714 est?
1122 1687 1182 1718 145

55 1742 157 1780 Hem
185 1741 255 1778 tibi
286 1747 475 1790 pateram:
521 1754 664 1778 eccam.
730 1741 815 1778 Am.
855 1741 962 1779 Cedo
998 1741 1101 1779 mihi.

210 1805 275 1843 Al.
307 1806 405 1856 Age,
428 1805 553 1854 aspice
572 1805 647 1843 huc
667 1806 718 1843 sis
736 1818 841 1843 nunc
855 1806 946 1856 jam,

53 1870 132 1921 Tu,
152 1871 230 1922 qui,
252 1882 335 1919 quae
355 1870 466 1915 faeta,
487 1869 678 1908 inficiare:
709 1883 820 1920 quem
847 1883 920 1922 ego
943 1870 1022 1921 jam
1041 1871 1105 1909 hic

211 1934 435 1974 convincam
452 1933 586 1985 palam.
