1277 2193
51 132 102 171 32
338 144 607 173 AMPHITRUO.
648 144 729 172 Aer.
751 144 774 172 1.
804 144 904 173 Sem.
927 145 950 172 1.

129 241 206 280 Sed
225 241 317 292 quid
337 242 403 290 ais,
420 244 508 292 quid
525 242 793 292 Amphitruoni
815 256 835 280 a
849 243 1029 281 Telebois
1048 243 1176 280 datum

284 308 365 343 est?

126 370 201 408 Me.
238 370 388 408 Pterela
413 384 479 408 rex
507 371 573 420 qui
600 371 762 420 potitare
791 371 923 408 solitus
951 378 1019 418 est,
1048 378 1177 421 patera

285 448 408 473 aurea.

125 500 188 537 So.
218 499 404 537 Elocutus
423 507 488 537 est.
528 499 602 537 Ubi
621 507 750 549 patera
767 512 870 537 nunc
890 501 971 537 est?
1025 499 1099 536 Me.
1128 499 1174 537 In

282 564 418 601 cistula

45 628 107 661 255
125 628 418 678 Amphitruonis
449 628 647 678 obsignata
678 628 787 678 signo
823 634 890 664 est.
960 628 1023 665 So.
1062 627 1174 678 Signi

282 693 344 729 dio
365 693 454 741 quid
474 694 554 729 est?

123 757 198 795 Me.
237 757 336 794 Cum
374 757 566 806 quadrigis
604 757 668 793 Sol
711 756 893 793 exoriens.
967 756 1076 796 Quid
1113 769 1173 794 me

280 828 420 870 captas,
451 821 656 857 carnufex?

123 885 187 922 So.
226 885 474 935 Argumentis
507 885 625 921 vineit
642 897 648 920 :
693 884 794 921 aliud
830 896 969 921 nomen
1006 896 1172 932 quaeren-

279 949 339 985 du’
362 956 417 986 est
438 949 539 985 mihi.

122 1013 268 1051 Nescio
296 1013 396 1050 unde
424 1013 505 1049 haee
533 1013 595 1048 hio
623 1012 815 1061 spectavit.
872 1012 958 1049 Jam
978 1024 1049 1062 ego
1068 1012 1171 1049 huno

278 1076 465 1126 decipiam
484 1077 601 1125 probe
617 1090 623 1112 :

122 1140 225 1178 Nam
245 1141 344 1190 quod
364 1147 514 1190 egomet
538 1141 639 1177 solus
659 1140 744 1186 feci,
766 1153 838 1177 nec
857 1140 1054 1188 quisquam
1076 1140 1169 1177 alius

280 1205 384 1241 affuit

43 1275 105 1307 270
121 1268 167 1307 In
186 1268 443 1314 tabernaculo,
461 1268 498 1304 id
518 1267 669 1316 quidem
689 1267 801 1303 hodie
820 1279 1011 1315 nunquam
1030 1267 1168 1316 poterit

279 1332 416 1369 dicere.

122 1397 166 1436 Si
185 1404 226 1434 tu
242 1396 352 1433 Sosia
366 1408 417 1442 es,
434 1395 602 1446 legiones
617 1407 729 1444 quom
744 1395 963 1444 pugnabant
979 1407 1165 1442 maxume,

120 1461 229 1502 Quid
250 1461 287 1498 in
307 1460 550 1497 tabernaculo
571 1459 720 1496 fecisti?
748 1458 870 1495 victus
899 1472 994 1505 sum,
1015 1459 1046 1495 si
1066 1460 1167 1496 dixe·

278 1524 340 1561 ris.

120 1589 196 1628 M'e.
230 1589 359 1627 Cadus
374 1594 453 1624 erat
469 1587 565 1624 vini:
596 1587 684 1624 inde
699 1586 848 1636 implevi
864 1586 1044 1624 hirneam.
1100 1587 1163 1624 So.

277 1652 506 1702 Ingressu'st
524 1651 633 1688 viam.

120 1716 195 1755 M'e.
232 1716 329 1754 Eam
348 1728 432 1766 ego,
453 1723 494 1752 ut
513 1721 630 1752 matre
650 1714 770 1752 fuerat
793 1721 935 1760 natum,
956 1714 1033 1751 vini
1052 1714 1164 1751 eduxi

276 1780 381 1817 meri.

40 1851 104 1886 275
121 1845 183 1885 So,
221 1844 324 1884 Mira
351 1851 450 1893 sunt,
470 1844 544 1884 nisi
570 1843 681 1883 latuit
707 1843 807 1883 intus
827 1842 907 1882 illic
925 1842 964 1882 in
985 1842 1072 1881 illac
1090 1841 1165 1880 hir-

276 1906 358 1948 nea.
