1277 2193
69 112 143 149 118
363 118 615 147 AuLuLAfflA.
656 120 735 146 Αςτ.
758 118 797 146 11.
826 119 924 147 Sem.
945 119 972 146 8.

143 216 227 254 Nos
247 224 392 253 nostras
412 218 510 254 aedes
529 217 697 267 postulas
718 218 966 254 comburere?

145 280 209 318 C'o.
241 281 353 317 Haud
383 282 543 329 postulo.
611 282 689 318 Str.
720 282 807 318 Due
836 282 926 318 istos
955 281 1064 317 intro.
1131 279 1190 317 St.

300 345 522 392 Sequimini.

533 542 694 577 SCENA
725 543 804 576 VII.

531 666 800 703 PxTnomcus.

195 794 384 839 Cumwm
416 806 486 843 ego
508 794 721 829 intervisam
742 794 831 841 quid
852 794 991 830 faciant
1011 793 1146 842 coqui3

139 857 252 897 Quos
270 858 332 906 pol
354 865 393 894 ut
413 870 484 907 ego
505 858 615 893 liodie
635 870 791 902 servem,
809 870 901 893 cura
920 870 1093 894 maxuma
1111 864 1189 894 est:

140 921 228 958 Nisi
259 935 376 958 unum
405 922 477 957 hoe
509 922 657 967 faciam,
679 928 719 957 ut
749 922 786 957 in
816 928 929 970 puteo
956 934 1100 958 coenam
1128 933 1191 958 co-

299 993 423 1033 quann

141 1047 236 1084 Inde
256 1055 403 1084 coctam
424 1061 569 1084 sursum
591 1049 844 1085 subducemus
865 1049 1039 1085 corbulis.

102 1116 123 1146 5
140 1111 183 1147 Si
205 1118 327 1148 autem
349 1112 523 1148 deorsum
543 1113 754 1158 comedent,
776 1113 806 1148 si
827 1113 915 1160 quid
936 1112 1118 1158 coxerint,

141 1175 277 1223 Superi
298 1176 475 1212 incoenati
496 1183 594 1221 sunt,
616 1184 651 1212 et
672 1176 808 1212 coenati
830 1176 948 1212 inferi.

141 1239 217 1274 Sed
237 1240 349 1275 verba
368 1239 431 1274 hic
451 1240 560 1284 facio,
582 1240 687 1286 quasi
707 1240 849 1287 negotii
869 1239 961 1275 nihil
982 1239 1063 1284 siet,

139 1302 422 1351 Rapacidarum
442 1303 506 1338 ubi
526 1309 669 1338 tantuin
692 1303 761 1338 siet
782 1302 818 1338 in
840 1302 991 1339 aedibus,

519 1500 679 1533 SCENA
712 1500 808 1533 VIII.

463 1623 625 1659 Eueno.
666 1623 858 1659 Commo.

191 1752 269 1788 Eu.
299 1752 426 1788 Vomn
458 1751 621 1787 animum
650 1751 800 1787 tandein
829 1751 1050 1788 confirmare
1070 1752 1181 1790 hodie

294 1827 432 1861 meum,

138 1879 190 1916 Ut
207 1879 303 1915 bene
322 1878 497 1914 haberem
517 1878 600 1915 filiae
621 1878 771 1926 nuptiis.

139 1944 264 1981 Venio
284 1944 329 1981 ad
349 1944 560 1989 macellum,
580 1943 702 1993 rogito
721 1944 853 1992 pisces.
910 1943 1084 1980 Indicant
