1277 2193
69 129 143 168 120
357 139 611 169 AULULARIA.
652 140 730 167 Aer.
752 138 809 167 111.
837 140 934 168 scm.
958 139 971 167 1

541 310 667 344 SCEN
671 311 704 343 A
739 309 801 343 IX.

562 434 779 471 ANTHRAX.

198 562 359 609 DRowm,
381 563 584 611 desquama
602 562 748 611 pisces:
778 569 818 598 tu
840 561 1048 599 Maohaerio

145 627 355 676 Congrum,
377 640 583 663 muraenam
605 627 801 672 exdorsua,
823 633 1006 674 quantum
1025 632 1154 674 potes:

145 690 273 739 Atque
310 692 451 737 omnia,
488 691 579 727 dum
617 692 747 727 absum
785 691 888 737 hinc,
927 697 1099 727 exossata
1135 690 1196 726 sao

300 755 407 792 sient.

144 818 228 868 Ego
248 819 338 856 hinc
360 826 542 868 artoptam
561 832 606 855 ex
625 832 807 868 proxumo
828 819 1004 855 utendam
1025 825 1113 867 peto

105 883 126 914 5
144 883 179 919 A
201 883 431 932 Congrione.
487 883 552 919 Tu
573 884 684 920 istum
705 884 858 932 gallum,
880 883 910 919 si
931 883 1042 931 sapis,

143 946 379 982 Glabriorem
401 946 534 982 reddes
554 946 659 991 mihi,
681 959 792 994 quarn
813 946 938 981 volsus
958 946 1122 982 Iudiu'st.

144 1010 220 1046 Sed
240 1010 329 1058 quid
350 1011 423 1046 hoc
443 1011 618 1046 clamoris
639 1010 755 1045 oritur
776 1010 866 1046 hinc:
887 1022 932 1046 ex
950 1010 1159 1058 proxumo?

143 1073 267 1123 Coqui
288 1075 427 1120 hercle,
449 1075 577 1120 eredo,
599 1074 742 1110 faciunt
763 1074 928 1109 officium
950 1087 1071 1110 suum.

144 1138 305 1189 Fugiam
326 1139 438 1186 intro,
460 1152 508 1176 ne
527 1139 616 1187 quid
639 1138 701 1175 hic
721 1139 840 1174 turbae
860 1139 922 1175 fiat
943 1139 1084 1175 itidem.

409 1337 571 1371 ACTUS
603 1337 664 1370 III.
713 1336 872 1370 SCENA
907 1336 932 1370 I.

570 1460 765 1497 Commo.

196 1590 352 1627 ΟΡΤΑΤῙ
387 1589 500 1635 cives,
529 1589 741 1638 populares,
775 1589 922 1635 incolae,
952 1589 1104 1636 aecolae,
1135 1590 1195 1626 ad-

301 1666 405 1690 venae
425 1666 569 1698 omnes,

146 1718 244 1756 Date
263 1718 361 1755 viam
390 1718 464 1766 qut}⁴
493 1718 622 1767 fugere
650 1717 776 1763 liceat,
804 1717 919 1754 facite
946 1724 1034 1754 totae
1061 1718 1194 1766 plateae

301 1789 463 1831 pateant.

147 1846 283 1896 Neque
310 1858 382 1896 ego
410 1858 588 1894 unquam,
608 1845 681 1882 nisi
702 1846 826 1892 hodie,
848 1845 893 1882 ad
913 1845 1084 1884 Bacchas
1108 1842 1194 1882 veni

305 1911 343 1947 in
363 1909 579 1948 Bacchanal
600 1910 857 1958 eoquffiatum,
