1277 2193
353 124 605 154 AULULARIA.
645 125 724 154 Aea».
745 123 782 153 v.
1097 115 1170 154 149

47 221 105 260 St.
126 221 242 269 Here,
278 235 400 270 mane,
434 224 597 272 eloquar.
653 223 737 260 Jam
777 222 955 260 ausculta.
1012 222 1088 271 Ly.

200 288 287 336 Age
307 300 397 337 ergo
416 288 580 336 loquere.
636 287 694 324 St.
724 287 892 335 Repperi
911 286 1037 332 hodie,

47 348 163 396 Here,
201 350 350 387 divitias
387 351 532 388 nimias.
606 351 682 400 Ly.
728 350 803 388 Ubi
845 351 957 387 nam?
1029 350 1088 387 St.

199 414 499 460 Quadrilibrem,
538 415 704 463 inquam,
739 415 861 451 aulam
900 414 979 451 auri
1015 414 1091 463 ple-

200 490 297 515 nam.

45 541 120 590 Ly.
149 541 267 582 Quod
297 555 366 592 ego
396 543 542 579 facinus
576 543 688 579 audio
717 555 761 580 ex
793 543 857 580 te?
925 542 983 579 St.
1013 541 1090 579 Eu-

201 606 315 643 clioni
336 607 424 643 huic
444 607 523 643 seni
545 607 718 655 surripui.

44 668 119 718 Ly.
149 669 223 706 Ubi
252 669 289 706 id
318 677 372 706 est
402 671 558 706 aurum?
613 670 670 707 St.
700 670 745 707 In
775 670 862 707 arca
891 669 988 719 apud
1016 681 1086 706 me.

200 733 316 770 Nunc
335 734 419 770 volo
439 747 498 770 me
519 734 638 770 emitti
659 747 783 771 manu.
1106 741 1146 772 15

44 796 119 846 Ly.
150 796 283 846 Egone
311 805 348 834 te
376 798 543 834 emittam
572 810 697 843 manu,
718 797 903 834 scelerum
923 797 1089 835 cumula-

199 861 368 898 tissime?
422 861 480 898 St.
511 861 588 897 Abi
608 862 709 907 here,
731 861 812 898 scio

43 923 173 965 Quam
200 937 278 961 rem
308 938 426 975 geras.
483 925 639 974 Lepide,
668 925 808 972 hercle,
839 925 1006 962 animum
1032 932 1089 963 tu-

198 1001 260 1024 um
281 989 431 1025 tentavi.
488 988 573 1025 Jam

43 1051 94 1089 Ut
121 1052 297 1100 eriperes,
320 1052 535 1100 apparabas.
589 1051 698 1091 Quid
726 1053 881 1099 faceres,
902 1053 933 1089 si
960 1065 1088 1102 reppe-

199 1115 356 1151 rissem?

43 1179 119 1228 Ly.
149 1178 239 1215 Non
255 1186 361 1228 potes
376 1178 553 1228 probasse
571 1192 703 1229 nugas.
759 1179 790 1226 I,
807 1180 922 1217 redde
943 1193 1085 1218 aurum.

199 1243 257 1279 St.
288 1242 463 1279 Reddam
482 1255 553 1292 ego
575 1244 732 1280 aurum?

44 1307 118 1356 Ly.
148 1306 285 1343 Redde
305 1307 479 1355 inquam:
510 1314 549 1343 ut
569 1307 657 1343 huic
677 1307 863 1344 reddatur.
919 1308 978 1345 St.
1008 1308 1084 1356 Ah,

197 1371 324 1407 unde?
380 1371 455 1419 Ly.
485 1371 603 1410 Quod
624 1372 736 1407 modo
756 1372 874 1408 fassus
894 1384 933 1408 es
953 1385 1034 1409 esse
1102 1380 1143 1412 20

43 1432 89 1470 In
110 1433 206 1470 area.
262 1434 319 1471 St.
349 1435 475 1479 Soleo,
505 1434 643 1481 hercle,
673 1447 744 1484 ego
773 1435 914 1484 garrire
940 1448 1084 1486 nugas:

201 1497 252 1533 ita
269 1497 411 1546 loquor.
467 1498 542 1546 Ly.
573 1498 625 1534 At
645 1498 737 1535 scin’

42 1560 278 1601 Quomodo?
351 1562 407 1597 St.
445 1561 515 1598 Vel
558 1562 685 1599 hercle
726 1563 849 1610 enica,
891 1575 1084 1613 nunquam

200 1624 290 1661 hine
310 1624 405 1661 feres
426 1637 446 1661 a
466 1637 535 1662 me.

357 1688 404 1724 13
416 1687 437 1709 ᾗ
