1277 2193
65 100 118 139 88
357 110 628 140 AMPHITRUo.
669 113 751 141 Aer.
776 111 810 140 v.
838 111 940 141 scm.
963 113 987 141 1.

144 208 228 250 Qui
257 216 344 248 ante
372 211 464 248 aedis
492 218 640 248 nostras
660 211 716 248 sic
740 212 868 262 jacet?
898 224 1080 250 numnam
1101 212 1204 250 hunc

302 276 489 324 percussit
509 276 710 326 Juppiter?

144 339 272 377 Credo
292 341 448 390 edepol:
478 354 580 388 nam,
600 341 695 390 proh
720 341 915 391 Juppiter!
945 342 1114 391 sepultus
1133 347 1202 388 est,

302 406 408 454 quasi
429 406 476 442 sit
496 412 677 443 mortuus.

143 468 214 506 Ibo
242 476 280 507 et
308 482 539 520 cognoscam
569 471 738 520 quisquis
764 478 831 508 est.
888 471 1120 521 Amphitruo
1140 471 1204 508 hic

303 535 456 583 quidem
477 542 533 572 est
553 535 665 572 herus
685 548 801 573 meus.

142 598 398 648 Amphitruo!
468 600 554 637 Am.
594 600 718 637 Perii!
793 600 867 637 Br.
910 601 1044 650 Surge.
1113 600 1200 637 Am.

300 663 455 702 Interii!
522 664 596 702 Br.
628 665 735 702 Cedo
763 677 928 702 manum.
985 665 1071 703 Am.
1099 665 1204 706 Quis

300 741 362 766 me
382 730 510 766 tenet?

82 794 124 826 25
141 793 215 830 Br.
245 793 335 830 Tua
354 793 509 830 Bromia
531 794 679 831 ancilla.
736 794 822 831 Am.
852 794 978 832 Totus
998 795 1127 842 timeo,
1150 795 1203 833 ita

298 870 359 895 me
379 858 570 907 increpuit
589 859 775 908 Juppiter.

140 922 229 960 Nec
257 935 368 960 secus
397 930 466 970 est,
496 936 609 972 quam
643 924 674 960 si
709 924 754 960 ab
785 924 1009 961 Acherunte
1037 925 1199 962 veniam.

299 987 376 1024 Sed
396 988 486 1036 quid
507 995 547 1024 tu
568 989 668 1025 foras

140 1051 306 1103 Egressa
333 1053 399 1089 es'?
467 1053 541 1089 Br.
577 1053 724 1090 Eadem
756 1066 826 1090 nos
859 1053 1020 1090 formido
1048 1054 1201 1092 timidas

297 1124 440 1154 terrore
461 1117 631 1167 impulit:

139 1182 186 1219 In
214 1182 370 1228 aedibus,
392 1183 457 1219 ubi
485 1189 526 1219 tu
550 1183 710 1229 habitas,
731 1183 849 1220 nimia
869 1184 965 1219 mira
984 1183 1072 1220 vidi.
1129 1183 1198 1220 Vae

296 1246 412 1283 mihi!

138 1310 384 1360 Amphitru0‚
414 1310 466 1347 ita
493 1310 586 1346 mihi
622 1310 770 1347 animus
803 1310 915 1347 etiam
946 1324 1049 1347 nunc
1079 1311 1194 1349 abest.

295 1374 381 1412 Am.
412 1375 590 1424 Agedum
610 1375 756 1424 expedi.

80 1442 120 1474 30
140 1440 244 1478 Scin’
267 1452 328 1477 me
347 1447 455 1476 tuum
470 1452 552 1476 esse
571 1439 700 1476 herum
719 1439 1066 1488 Amphitruonem?
1120 1440 1195 1478 Br.

297 1504 399 1541 Scio.
470 1503 554 1541 Am.
595 1504 733 1541 Viden'
768 1505 882 1540 etiam
920 1506 1053 1542 nunc?
1120 1505 1194 1543 Br.

297 1569 399 1605 Scio.

139 1633 225 1671 Am.
266 1633 364 1670 Haec
397 1633 478 1669 sola
510 1646 638 1670 sanam
673 1640 837 1670 mentem
868 1641 990 1682 gestat
1023 1646 1194 1671 meorum

298 1698 550 1734 familiarium.

138 1761 213 1800 Br.
243 1761 366 1798 Immo
396 1774 527 1798 ornnes
557 1761 639 1798 sani
669 1769 756 1799 sunt
785 1762 967 1811 profecto.
1024 1762 1109 1800 Am.
1141 1763 1194 1800 At

297 1838 358 1863 me
377 1838 470 1863 uxor
491 1826 663 1863 insanum
686 1826 776 1863 facit

139 1890 228 1929 Suis
257 1890 366 1928 foedis
395 1890 514 1928 factis.
569 1890 643 1927 Br.
674 1891 727 1927 At
755 1903 827 1941 ego
856 1891 1005 1938 faciam,
1025 1898 1065 1928 tu
1092 1891 1192 1929 idem

296 1961 338 1992 ut
359 1955 464 1992 aliter
483 1954 679 2004 praedices,
