1277 2193
253 139 256 142 ⁴
301 119 569 149 AMPHITRUO.
611 120 691 148 Aer.
714 119 750 148 v.
779 119 880 147 Sem«.
903 119 928 148 1.
1166 108 1218 146 87

88 218 230 256 Animo
258 219 355 256 male
382 220 438 256 'st.
497 219 646 268 Aquam
675 218 808 255 velim!
838 225 1014 267 corrupta
1042 230 1137 264 sum,

246 290 356 332 atque
378 284 548 320 absumta
567 296 660 320 sum.

88 347 213 397 Caput
232 348 346 394 dolet,
367 360 490 397 neque
510 348 635 394 audio,
656 359 780 397 neque
808 346 931 384 oculis
947 346 1139 397 prospicio

244 413 344 450 satis.

86 475 175 513 Nec
200 489 261 514 me
288 477 460 513 miserior
481 477 634 513 soemina
653 477 710 523 ’st‚
731 489 854 525 neque
872 476 950 514 ulla
968 476 1139 514 videatur

244 541 375 590 magis.

88 604 146 642 Ita
165 605 263 642 herae
284 618 376 642 meae
398 605 509 642 hodie
530 605 702 655 contigit.
758 605 860 642 Nam
880 605 945 642 ubi
965 605 1137 654 parturit,

244 670 334 707 deos
353 670 424 706 sibi
445 670 604 706 invocat.

88 734 288 783 Strepitus,
319 735 497 782 crepitus,
527 735 685 780 sonitus,
715 734 898 770 tonitrus:
929 740 970 771 ut
997 734 1137 781 subito,

243 806 285 835 ut
303 811 472 847 propere,
495 805 534 835 ut
554 799 676 835 valide
695 799 840 835 tonuit!
1157 796 1196 829 10

86 861 161 899 Ubi
198 863 356 912 quisque
394 863 592 909 institerat,
632 863 802 900 concidit
849 863 1006 912 crepitu.
1079 863 1137 900 Ibi

242 928 372 964 neseio
392 928 474 976 quis
494 928 670 964 maxuma

87 990 194 1028 Voce
222 991 427 1027 exclamat:
463 991 689 1037 Alcumena,
726 990 829 1027 adest
863 991 1057 1038 auxilium,
1090 1004 1139 1029 ne

245 1055 357 1091 time:

88 1118 139 1155 Et
157 1119 240 1165 tibi,
262 1125 297 1155 et
317 1119 391 1155 tuis
411 1119 594 1168 propitius
615 1119 700 1155 coeli
722 1119 844 1155 cultor
865 1120 1029 1156 advenit.

88 1182 285 1233 Exurgite,
307 1183 440 1231 inquit,
462 1183 526 1231 qui
554 1190 696 1220 terrore
724 1195 809 1220 meo
838 1183 1035 1221 occidistis
1061 1197 1138 1234 prae

244 1254 357 1284 metu.

86 1311 139 1348 Ut
161 1311 278 1361 jacui,
300 1324 452 1361 exurgo.
510 1312 657 1348 Ardere
685 1312 817 1349 censui
845 1312 950 1360 aedis,
980 1312 1032 1350 ita
1058 1320 1138 1350 tum

246 1376 527 1425 confulgebant.
1157 1378 1196 1408 15

89 1438 147 1475 Ibi
176 1451 236 1475 me
265 1439 442 1476 inclamat
470 1440 705 1477 Alcumena:
731 1441 809 1489 jam
828 1453 873 1477 ea
892 1454 951 1478 res
977 1454 1036 1478 me
1056 1442 1139 1479 hor-

247 1516 329 1540 rore
350 1504 474 1540 afficit.

91 1569 234 1605 Herilis
261 1569 450 1616 praevortit
478 1575 621 1603 metus:
652 1568 760 1604 ocius
790 1581 959 1616 accurro,
980 1577 1021 1606 ut
1049 1571 1139 1607 scis-

247 1644 329 1668 cam
350 1632 438 1680 quid
459 1632 567 1668 velit:

90 1697 218 1745 Atque
240 1696 340 1732 illam
369 1696 539 1745 geminos
560 1696 656 1732 filios
683 1709 819 1745 pueros
838 1697 1028 1746 peperisse
1049 1710 1138 1735 con-

248 1760 392 1808 spicor;

91 1824 228 1874 Neque
254 1831 423 1860 nostrum
444 1824 639 1872 quisquam
669 1825 867 1872 sensimus,
888 1839 1002 1875 quum
1027 1839 1137 1877 pepe-

247 1888 308 1933 rit,
328 1900 450 1936 neque
469 1888 718 1936 praevidimus.

92 1951 169 1988 Sed
188 1951 277 2001 quid
297 1952 395 1989 hoe?
425 1952 507 2000 quis
527 1952 589 1988 hic
608 1959 664 1989 est
682 1965 809 1999 senex,
1153 1960 1194 1992 20
