1277 2193
298 127 568 157 AMPHITRUO.
608 128 689 156 Αοτ.
710 127 734 156 1.
762 128 862 157 scm.
886 129 910 157 1.
1151 121 1198 157 19

73 225 249 275 Superbi,
267 225 379 264 nimis
395 226 570 264 ferociter
586 227 728 276 legatos
743 234 892 264 nostros
908 227 1116 276 increpant.

73 289 334 340 Respondent,
361 291 459 328 bello
488 304 527 327 se
556 298 592 328 et
620 304 707 328 suos
735 292 848 329 tutari
875 304 1007 341 posse:
1035 304 1120 341 pro·

228 355 314 392 inde
334 356 388 392 uti

72 419 237 469 Propere
257 420 304 457 de
324 420 462 456 finibus
482 420 560 456 suis
580 420 768 457 exercitus
787 420 1030 458 deducerent.
1137 428 1177 458 60

73 485 169 522 Haec
188 485 252 521 ubi
272 484 386 534 legati
402 485 601 533 pertulere,
618 485 847 534 Amphitruo
867 486 999 522 castris
1016 485 1120 522 illico

72 549 253 586 Producit
280 562 431 585 omnem
460 549 687 586 exercitum:
717 556 850 586 contra
873 550 1054 587 Teleboae
1074 562 1120 587 ex

228 615 366 663 oppido

73 679 261 729 Legiones
281 679 448 716 educunt
468 692 567 725 suas,
583 678 695 715 nimis
710 679 878 728 pulchris
899 679 1011 716 armis
1029 692 1120 729 prae-

228 744 334 781 ditas.

72 808 274 857 Postquam
295 809 469 857 utrinque
489 809 631 845 exitum
651 815 707 845 est
727 809 901 845 maxuma
920 807 1044 857 eopia,

72 872 270 921 Dispertiti
291 873 373 919 viri,
395 872 580 922 dispertiti
601 873 774 909 ordines:
1137 875 1178 906 65

72 936 154 974 Nos
187 944 333 974 nostras
367 949 470 974 more
502 944 630 974 nostro
663 943 700 973 et
733 937 846 973 modo
876 937 1120 974 instruximus

227 1001 406 1051 legiones.

71 1065 167 1102 Item
187 1066 311 1101 hostes
333 1072 464 1101 contra
483 1065 652 1114 legiones
671 1078 757 1102 suas
777 1066 978 1102 instruunt.

72 1129 221 1166 Deinde
241 1129 389 1178 utrique
409 1129 652 1177 imperatores
673 1129 710 1165 in
731 1129 898 1166 medium
917 1137 1055 1166 exeunt

72 1194 189 1231 Extra
207 1194 355 1230 turbam
375 1193 572 1237 ordinum3
603 1193 881 1240 colloquuntur.
939 1194 1060 1231 Simul

72 1258 280 1302 Convenit3
310 1257 400 1293 victi
420 1257 492 1293 utri
513 1257 588 1293 sint
607 1268 652 1293 eo
671 1257 814 1305 praelio,
1136 1263 1176 1295 70

71 1323 226 1368 Urbem,
248 1334 391 1372 agrum,
414 1334 507 1366 aras,
528 1321 645 1366 focos,
667 1333 782 1369 seque
802 1321 856 1357 uti
877 1321 1068 1360 dederent.

71 1387 276 1435 Postquam
313 1386 351 1422 id
389 1386 557 1431 actu’est,
594 1385 692 1422 tubae
732 1385 908 1434 utrinque
953 1395 1116 1425 canunt:

230 1457 361 1487 contra

73 1515 268 1553 Consonat
286 1521 406 1551 terra:
436 1514 638 1550 clamorem
658 1513 834 1562 utrinque
854 1515 1023 1553 efferunt.

73 1579 280 1629 Imperator
299 1578 474 1626 utrinque
494 1578 583 1614 hinc
603 1585 639 1614 et
659 1578 764 1614 illinc
784 1577 870 1615 Jovi

74 1644 175 1681 Vota
193 1643 396 1692 suscipere,
417 1642 556 1679 hortari
576 1643 804 1679 exercitum:
1134 1652 1175 1682 75

74 1708 149 1746 Pro
169 1720 209 1745 se
228 1708 397 1756 quisque,
419 1706 456 1743 id
476 1706 575 1754 quod
595 1706 753 1754 quisque
770 1713 893 1755 potest
912 1714 949 1745 et
969 1709 1077 1755 valet,

74 1772 186 1818 Edit;
217 1772 314 1809 ferro
334 1771 440 1807 ferit·.
469 1770 544 1807 tela
564 1770 761 1820 frangunt:
792 1772 880 1808 boat

75 1836 225 1874 Coelum
245 1835 394 1873 fremitu
414 1834 557 1871 virum:
586 1846 631 1871 ex
651 1835 780 1883 spiritu
803 1842 913 1884 atque
933 1836 1099 1874 anhelitu

75 1899 228 1938 Nebula
246 1906 414 1937 constat:
443 1899 584 1936 cadunt
601 1899 763 1936 volneris
781 1900 817 1936 vi
837 1907 874 1937 et
891 1900 1037 1939 virium.

76 1963 265 2015 Denique,
285 1971 327 2002 ut
343 1963 542 2011 voluimus,
563 1970 690 2002 nostra
709 1971 859 2014 superat
877 1978 1032 2003 manus:
1132 1971 1175 2005 80
