1277 2193
259 135 530 168 AMPHITRUo.
571 139 652 167 Αετ.
675 138 728 168 1v.
757 139 857 168 scm.
877 140 904 168 3.
1133 132 1186 171 85

451 307 613 342 SCENA
649 308 710 342 III.

193 432 419 470 BannAno.
459 433 718 470 AMPHITRUO.
756 432 963 470 JUPPITER.

104 562 170 599 Bl.
200 563 283 599 Vos
314 561 410 599 inter
431 575 495 599 vos
522 562 679 611 partite:
710 574 781 612 ego
802 562 908 607 abeo,
929 560 1022 598 mihi
1042 573 1105 598 ne-

209 627 353 677 gotium
374 634 440 664 est.

52 690 189 741 Neque
223 705 294 742 ego
327 705 493 740 unquam
521 704 679 740 usquam
712 698 816 728 tanta
843 691 939 727 mira
966 702 1027 728 me
1054 690 1106 728 vi-

208 755 308 792 disse
329 767 479 792 censeo.

50 818 135 857 Am.
167 819 368 869 Blepharo‚
399 832 538 868 quaeSO,
568 826 609 856 ut
638 819 843 856 advocatus
870 817 964 854 mihi
998 817 1103 864 assis,

206 897 301 922 neve
321 885 443 921 abeas.
499 884 566 921 Bl.
596 884 702 920 Vale.

49 949 159 990 Quid
178 951 301 999 opu'st
317 962 377 986 me
398 949 605 986 advocato?
635 949 698 997 qui
718 948 792 984 utri
812 947 884 985 sim
901 947 1105 984 advocatus

208 1014 349 1050 neseio.

50 1077 114 1114 Ju.
150 1077 254 1114 Intro
287 1078 376 1113 hinc
410 1090 465 1114 eo.
534 1077 748 1113 Alcumena
779 1076 949 1124 parturit.
1015 1075 1102 1112 Am.

208 1143 308 1180 Perii
329 1143 462 1179 miser!
492 1174 498 1179 ,
1121 1141 1142 1172 5

50 1209 159 1249 Quid
179 1210 276 1258 ego?
305 1219 416 1256 quem
444 1206 614 1243 advocati
638 1206 716 1255 jam
738 1213 848 1253 atque
869 1205 981 1241 amici
1000 1204 1105 1242 dese-

207 1280 304 1310 runt.

51 1337 259 1387 Nunquam
279 1336 411 1386 edepol
429 1348 489 1373 me
505 1336 646 1373 inultus
663 1334 748 1372 istic
764 1334 986 1381 ludificabit,
1003 1335 1103 1383 quis-

208 1402 292 1450 quis
311 1409 376 1439 est.

53 1465 154 1503 Nam
178 1466 254 1516 jam
284 1466 330 1502 ad
356 1478 484 1515 regem
513 1464 617 1501 recta
645 1477 705 1501 me
734 1463 883 1510 ducam,
904 1476 1038 1512 resque
1062 1470 1103 1501 ut

211 1530 309 1567 saeta
328 1537 384 1567 est
402 1530 568 1578 eloquar.

52 1595 137 1646 Ego
166 1595 227 1644 pol
258 1594 364 1631 illum
396 1595 558 1631 ulciscar
592 1593 704 1631 hodie
733 1593 962 1630 Thessalum
990 1606 1102 1631 vene·

209 1659 337 1705 ficum,

51 1724 133 1765 Qui
152 1735 326 1773 perverse
343 1722 574 1772 perturbavit
593 1722 743 1759 familiae
763 1729 928 1760 mentem
946 1734 1051 1760 meae.
1119 1724 1159 1755 10

51 1789 130 1827 Sed
163 1788 229 1826 ubi
263 1788 326 1825 ille
358 1788 429 1824 ’ΞΗ
471 1787 569 1824 intro
601 1787 733 1837 edepol
767 1787 871 1835 abiit,
905 1787 1021 1825 credo
1052 1787 1099 1825 ad

207 1864 362 1889 uxorem
381 1864 515 1888 meam.

50 1916 134 1957 Qui
161 1929 222 1954 me
249 1916 396 1953 Thebis
425 1916 516 1954 alter
536 1915 626 1954 vivit
652 1915 850 1955 miserior?
878 1915 969 1966 quid
995 1928 1100 1956 nunc

209 1981 343 2031 agam?

209 2058 231 2082 P
361 2045 388 2082 8
