1277 2193
94 129 168 167 146
368 139 621 170 AULULARIA.
662 142 741 170 Αοτ.
764 140 816 169 1v.
850 141 947 170 Sem.
971 141 1013 169 10.

167 235 350 276 Noscere.
424 240 501 289 Ly.
540 240 676 276 Filiam
713 252 757 277 ex
789 246 826 276 te
862 246 903 276 tu
936 238 1061 276 habes.
1134 236 1214 275 Eu.

324 302 445 339 Immo
465 304 638 340 eccillam
659 304 772 340 domi.

168 365 245 416 Ly.
275 366 371 403 Eam
398 375 439 403 tu
468 367 712 416 despondisti‚
734 368 879 416 opinor,
904 378 988 403 meo
1017 365 1214 403 avunculo.

325 430 404 467 Eu.
434 431 598 468 Omnem
618 444 694 468 rem
716 438 832 468 tenes.

169 492 247 544 Ly.
293 493 331 531 Is
367 507 427 532 me
463 508 567 532 nune
603 495 827 532 renunciare
867 494 1065 543 repudium
1108 492 1218 543 jussit

325 558 405 595 tibi.

170 621 249 659 Eu.
289 622 523 672 Repudium,
557 623 669 660 rebus
700 622 851 672 paratis,
886 628 997 670 atque
1029 619 1218 658 exornatis

326 687 494 736 nuptiis?

112 751 154 783 55
170 749 222 788 Ut
250 750 354 787 illum
374 751 412 787 di
441 752 670 788 immortales
697 764 828 788 omnes
848 751 1016 799 deaeqne,
1037 755 1218 799 quantum

328 821 395 861 est,
415 815 604 863 perduint,

170 878 299 919 Quem
326 886 477 927 propter
497 878 607 915 hodie
629 878 709 915 auri
729 885 874 914 tantum
894 877 1053 926 perdidi,
1075 876 1217 923 infelix,

327 942 451 979 miser.

173 1007 248 1056 Ly.
284 1007 393 1044 Bono
427 1006 550 1044 animo
578 1019 630 1053 es,
660 1013 695 1043 et
724 1006 920 1043 benedioe.
991 1004 1110 1041 Nunc
1137 1017 1219 1053 quae

329 1083 388 1107 res
406 1070 475 1106 tibi
495 1076 531 1106 et
550 1077 671 1119 gnatae
692 1077 764 1106 tuae

174 1134 279 1171 Bene
299 1133 532 1182 feliciterque
552 1140 682 1170 vortat.
739 1133 797 1170 Ita
817 1132 854 1168 di
875 1132 1004 1178 faxint,
1027 1132 1174 1180 inquito

173 1197 251 1235 Eu.
281 1197 339 1234 Ita
366 1197 404 1234 di
433 1198 581 1234 faciant.
639 1198 713 1246 Ly.
744 1197 794 1233 Et
822 1196 913 1233 mihi
940 1196 991 1233 ita
1010 1195 1047 1232 di
1069 1195 1217 1232 faciant.

329 1261 432 1298 Audi
452 1274 555 1297 nunc
570 1261 658 1310 jam.

116 1329 157 1363 60
173 1325 256 1367 Qui
282 1325 395 1362 homo
424 1325 572 1374 culpam
601 1324 750 1360 admisit
778 1324 816 1360 in
844 1335 896 1370 se,
916 1323 1041 1360 nullus
1061 1330 1116 1360 est
1143 1329 1219 1361 tam

329 1388 432 1438 parvi
451 1388 560 1437 preti,

173 1453 282 1495 Quin
301 1453 451 1502 pudeat,
473 1452 562 1501 quin
581 1458 716 1502 purget
741 1464 790 1489 se.
846 1451 884 1488 N
889 1463 964 1488 uno
982 1457 1019 1487 te
1039 1451 1217 1499 obtestor,

331 1517 481 1563 Euclio,

175 1581 218 1619 Si
254 1581 344 1630 quid
382 1593 453 1631 ego
490 1593 579 1630 erga
614 1587 651 1618 te
693 1580 907 1630 imprudens
946 1579 1117 1628 peccavi,
1155 1584 1218 1616 aut

331 1651 483 1694 gnatam
503 1651 618 1690 tuam,

175 1707 226 1746 Ut
253 1708 347 1745 mihi
375 1708 562 1759 ignoscas,
591 1720 748 1756 eamque
775 1718 929 1745 uxorem
956 1707 1051 1744 mihi
1078 1707 1157 1753 deS,
1176 1711 1218 1744 ut

332 1773 434 1822 leges
448 1772 601 1822 jubent:

177 1836 262 1887 Ego
279 1848 339 1873 me
358 1836 533 1885 injuriam
553 1836 687 1873 secisse
707 1836 791 1873 filiae
811 1835 928 1873 fateor
947 1842 1034 1882 tuae,

119 1905 161 1939 65
178 1900 328 1940 Cereris
355 1900 504 1950 vigiliis,
532 1913 597 1950 per
625 1901 766 1948 vinum,
795 1907 906 1950 atque
938 1897 1100 1950 impulsu
1131 1896 1219 1936 ado-

330 1962 531 2002 lescentiae.
