1277 2193
262 137 530 167 AMPHITRUo.
570 139 652 167 Aer.
674 138 713 167 11.
741 137 843 166 scm.
866 138 890 165 1.
1129 130 1183 167 43

49 235 99 273 Ut
119 236 243 273 minus
262 237 399 284 valeas,
421 245 457 274 et
478 238 590 275 miser
610 238 674 284 sis,

50 301 182 338 Salvos
202 302 356 338 domum
377 302 405 338 si
427 303 585 339 rediero.
643 302 731 339 Jam

49 366 218 414 Sequere
247 367 311 412 sis,
333 367 464 404 herum
494 367 558 416 qui
586 367 760 404 ludificas
779 365 892 403 dictis
912 364 1102 402 deliranti-

208 431 297 468 bus:

48 495 131 535 Qui
165 496 343 544 quoniam
377 497 490 534 herus
523 497 624 545 quod
659 495 868 545 imperavit,
902 493 1103 545 neglexisti

206 562 395 610 persequi,
487 554 489 557 ’

50 624 168 661 Nunc
187 625 294 661 venis
314 626 426 662 etiam
448 626 545 662 ultro
567 625 717 662 irrisum
739 624 946 661 dominum.
1002 623 1103 662 Quae

207 702 330 738 neque
351 691 430 727 fieri
1121 687 1163 718 40

52 753 227 800 Possunt,
248 767 372 803 neque
393 755 506 791 fando
526 767 693 803 unquam
715 753 862 803 accepit
891 752 1103 801 quisquam,

209 820 352 868 profers
373 820 565 856 carnufex.

50 882 204 933 Quojus
242 896 313 933 ego
347 884 459 922 hodie
494 884 532 920 in
564 891 672 933 tergo
709 883 794 920 saxo
826 882 898 919 ista
929 887 1106 930 expetant

210 949 419 986 mendacia.

54 1012 115 1049 So.
156 1012 400 1061 Amphitruo,
421 1013 631 1049 miserrima
661 1012 766 1049 istaec
786 1010 938 1047 miseria
957 1016 1014 1047 est
1032 1022 1107 1046 ser-

211 1089 257 1113 vo
278 1077 391 1122 bono,

55 1141 170 1190 Apud
203 1141 335 1178 herum
365 1141 430 1189 qui
459 1153 547 1177 vera
578 1140 759 1189 loquitur,
779 1139 811 1176 si
842 1139 880 1176 id
908 1138 945 1175 vi
977 1150 1107 1175 verum

210 1206 387 1242 vincitur.

55 1269 139 1307 Am.
173 1269 265 1310 Quo
294 1270 344 1315 id,
367 1270 518 1315 malum,
546 1275 659 1318 pacto
686 1275 822 1318 potest,
842 1280 931 1305 nam
956 1279 1106 1304 mecum

213 1334 444 1384 argumentis
462 1340 565 1382 puta,
1125 1339 1166 1369 45

56 1398 185 1436 Fieri&
213 1411 316 1435 nuno
336 1399 390 1435 uti
410 1405 450 1434 tu
471 1397 534 1433 hic
554 1397 605 1433 sis
625 1405 662 1434 et
682 1397 806 1434 domi:
836 1396 873 1433 id
894 1396 972 1432 dici
992 1396 1088 1432 volo.

56 1463 118 1500 So.
150 1464 241 1499 Sum
260 1463 432 1512 profecto
452 1469 488 1499 et
511 1462 573 1499 hic
592 1469 629 1499 et
650 1462 739 1498 illie.
793 1461 882 1497 Hoc
901 1461 1022 1497 cuivis
1042 1460 1108 1496 mi-

214 1528 286 1563 rari
306 1528 406 1564 licet.

58 1591 195 1640 Neque
231 1592 300 1627 tibi
338 1592 436 1628 istuc
473 1591 610 1628 mirum
647 1590 768 1640 magis
800 1589 961 1635 videtur,
995 1601 1107 1638 quam

215 1656 318 1693 mihi.

57 1722 142 1759 Am.
179 1721 273 1760 Quo
303 1721 441 1757 modo?
497 1720 558 1757 So.
598 1719 746 1765 Nihilo,
775 1718 942 1768 inquam,
970 1717 1107 1755 mirum

215 1786 335 1836 magis
354 1785 423 1822 tibi
443 1785 541 1822 istuc
561 1797 673 1834 quam
693 1784 797 1821 mihi.

58 1849 208 1900 Neque,
229 1850 281 1888 ita
309 1862 368 1887 me
396 1850 449 1886 dii
478 1856 616 1897 ament,
637 1848 838 1887 credebam
856 1847 979 1898 primo
999 1846 1108 1884 mihi-

214 1921 292 1952 met
310 1915 443 1961 Sosiae,
795 1933 798 1936 ⁴
1124 1913 1167 1945 50

60 1978 196 2019 Donec
216 1980 338 2029 Sosia,
359 1979 422 2020 ille
442 1986 605 2032 egomet,
623 1978 714 2017 fecit
732 1978 804 2017 sibi
824 1979 880 2017 uti
899 1976 1106 2016 crederem.
