1277 2193
48 124 99 163 44
335 134 594 164 AMPHITRUO
645 135 727 164 Acw.
749 134 788 163 11.
816 135 916 164 scm.
940 136 964 163 l.

127 230 274 269 Ordine
302 245 414 271 omne
442 234 498 270 uti
527 233 694 282 quidque
724 241 850 271 actum
877 243 946 280 est,
967 234 1058 271 dum
1080 234 1178 283 apud

284 297 410 334 hostes
430 298 609 343 sedimus,

127 360 399 399 Edissertavit:
446 370 526 400 tum
570 363 725 399 formam
769 363 846 400 un&
893 363 1049 400 abstulit
1091 375 1178 400 cum

283 427 458 473 nomine;

126 490 264 539 Neque
291 491 351 528 lae
378 492 470 528 lacti
498 492 618 541 magis
646 498 702 528 est
729 491 866 538 simile,
888 504 1001 540 quam
1023 491 1085 528 ille
1106 504 1177 542 ego

284 555 416 591 similis
436 562 492 592 est
512 556 597 592 mei.
741 553 746 559 ⁴

67 623 108 653 55
126 617 228 655 Nam
257 626 296 656 ut
326 619 468 656 dudum
499 627 584 656 ante
611 619 737 656 lucem
767 632 787 656 a
814 626 924 668 portu
946 631 1005 656 me
1032 620 1178 669 praemi-

282 683 363 720 sisti
385 684 550 720 domum.

124 747 210 785 Am.
247 748 356 788 Quid
387 749 527 798 igitur?
583 748 645 785 So.
684 748 794 785 Prius
824 748 941 785 multo
972 755 1058 785 ante
1087 748 1178 785 aedis

282 813 424 849 stabam
446 826 557 861 quam
579 813 642 849 illo
663 813 896 849 adveneram.

125 875 209 913 Am.
247 876 371 923 Quas,
401 876 554 922 malum,
584 878 725 926 nugas!
761 876 868 914 satin’
900 884 940 913 tu
969 889 1082 913 sanus
1111 877 1176 913 es?

282 940 343 976 So.
384 940 450 976 Sic
470 953 566 986 sum,
588 947 628 976 ut
648 940 761 976 vides.

124 1004 208 1041 Am.
249 1004 354 1041 Huic
386 1004 531 1040 homini
568 1004 699 1041 neseio
731 1004 822 1052 quid
860 1011 916 1041 est
953 1005 1039 1041 mali
1077 1004 1177 1041 mala

280 1069 471 1118 objectum
491 1081 618 1114 manu,

124 1133 329 1182 Postquam
359 1146 380 1169 a
408 1145 468 1170 me
498 1133 599 1169 abiit.
669 1133 731 1170 So.
771 1133 937 1170 Fateor:
977 1145 1062 1170 nam
1093 1145 1176 1170 sum

281 1198 438 1234 obtusus
456 1197 594 1247 pugnis
614 1210 798 1246 pessume.

63 1265 106 1297 60
123 1262 209 1299 Am.
247 1262 350 1301 Quis
378 1269 415 1298 te
440 1261 674 1297 verberavit?
729 1261 791 1297 So.
832 1261 994 1311 Egomet
1022 1269 1172 1309 memet,

280 1326 342 1374 qui
363 1338 466 1362 nunc
485 1337 567 1362 sum
589 1325 701 1361 domi.

122 1391 207 1428 Am.
246 1391 348 1428 Cave
377 1390 593 1438 quicquam,
614 1389 687 1426 nisi
717 1390 816 1438 quod
847 1390 989 1439 rogabo
1009 1398 1057 1437 te,
1080 1391 1173 1428 mihi

279 1454 528 1504 responderis.

122 1520 306 1557 Omnium
345 1519 509 1568 primum
547 1519 616 1555 iste
653 1518 717 1567 qui
749 1518 797 1555 sit
833 1518 956 1565 Sosia,
990 1519 1064 1555 hoc
1096 1520 1173 1556 diei

280 1584 375 1621 volo.

122 1649 184 1685 So.
223 1648 334 1686 Tuus
362 1655 417 1685 est
446 1660 584 1684 servus,
653 1647 738 1684 Am.
778 1647 877 1683 Mihi
911 1648 1062 1695 quidem
1095 1660 1172 1685 uno

278 1720 315 1749 te
333 1713 416 1762 plus
436 1713 548 1749 etiam
568 1718 623 1748 est
642 1724 752 1761 quam
772 1712 878 1748 volo:

122 1777 259 1826 Neque
278 1785 475 1826 postquam
496 1789 578 1814 sum
598 1784 722 1823 natus,
739 1776 853 1813 habui
873 1775 947 1813 nisi
967 1783 1003 1813 te
1023 1789 1170 1813 servum

280 1841 440 1878 Sosiam.

63 1908 104 1939 65
122 1906 183 1944 So.
222 1906 275 1944 At
294 1917 365 1955 ego
385 1918 501 1952 nune,
523 1905 763 1955 Amphitruo,
784 1905 890 1952 die0;
921 1905 1068 1943 Sosiam
1096 1917 1170 1942 ser-

277 1981 364 2006 vum
383 1976 490 2006 tuum
