1277 2193
46 83 99 121 90
336 94 607 124 AMPHITRUO.
648 96 730 124 Am.
753 95 790 124 v.
818 96 920 126 Sem.
944 97 967 125 1.

65 195 106 227 50
124 190 330 242 Postquam
357 195 503 244 peperit
522 208 672 245 pueros,
693 196 817 233 lavere
841 196 953 246 jussit
972 208 1051 234 nos.
1108 195 1184 234 Oc·-

281 259 475 308 coepimus.

124 322 201 360 Sed
228 336 321 373 puer
350 324 413 361 ille
442 337 554 373 quem
583 337 655 375 ego
682 325 769 373 lavi,
799 332 839 362 ut
868 338 1028 376 magnus
1056 333 1125 373 est,
1145 333 1183 363 et

281 389 441 425 multum
463 390 582 426 valet!

121 451 259 501 Neque
293 466 379 490 eum
417 454 616 503 quisquam
655 454 836 505 colligare
869 455 988 504 quivit
1026 455 1184 493 incuna-

280 518 388 555 bulis.

121 581 206 619 Am.
236 582 371 620 Nimia
398 583 493 620 mira
523 596 730 621 memoras:
761 585 791 621 si
822 585 952 622 isthaec
972 597 1059 622 vera
1079 591 1180 632 sunt,

279 648 461 685 divinitus

118 710 211 749 Non
232 720 360 750 metuo
380 714 471 762 quin
492 727 585 751 meae
606 714 714 751 uxori
735 715 820 751 latae
840 714 1021 764 suppetiae
1043 714 1152 751 sient.

59 781 100 811 55
118 775 192 814 Br.
224 777 351 828 Magis
374 778 452 828 jam
482 779 567 815 saxo
597 779 691 816 mira
719 780 833 816 dices.
904 779 1110 828 Postquam
1139 779 1179 816 in

275 855 394 879 cunas
415 843 633 890 conditu'st,

117 904 306 943 Devolant
337 920 480 958 angues
509 908 630 958 jubati
666 908 843 945 deorsum
881 907 920 944 in
954 907 1177 957 impluvium

275 971 351 1008 duo

117 1034 313 1073 Maxumi:
344 1037 528 1073 continuo
556 1037 744 1074 extollunt
765 1037 876 1074 ambo
896 1036 1031 1086 capita.
1088 1036 1176 1075 Am.

275 1100 351 1138 Hei
372 1101 462 1138 mihi
479 1102 486 1138 ἱ

119 1164 188 1202 Βν.
219 1165 281 1202 Ne
300 1179 404 1214 pave.
464 1166 540 1202 Sed
562 1179 705 1216 angues
726 1167 848 1203 oculis
869 1167 992 1203 omnis
1013 1167 1176 1204 circum-

272 1230 403 1266 visere.

114 1293 319 1343 Postquam
347 1306 484 1343 pueros
519 1294 744 1343 conspicati,
772 1302 936 1345 pergunt
970 1295 1016 1332 ad
1053 1308 1173 1333 cunas

273 1359 350 1396 citi.

54 1428 95 1460 60
114 1423 199 1474 Ego
229 1436 347 1461 cunas
376 1424 554 1461 recessim
585 1436 734 1460 rursum
765 1437 913 1462 vorsum
952 1425 1101 1463 trahere
1133 1433 1171 1464 et

271 1489 423 1534 ducere,

113 1553 293 1591 Metuens
311 1554 451 1602 pueris,
469 1553 561 1590 mihi
579 1553 805 1591 formidans:
827 1561 1009 1604 tantoque
1026 1568 1170 1606 angues

272 1618 396 1655 acrius

111 1682 305 1732 Persequi.
363 1683 568 1732 Postquam
598 1683 795 1733 conspexit
824 1697 968 1734 angues
990 1683 1053 1722 ille
1075 1685 1167 1722 alter

269 1760 376 1796 puer,

112 1811 224 1849 Citus
252 1825 273 1849 e
301 1813 411 1849 cun-is
440 1813 557 1860 exilit,
580 1813 670 1850 facit
698 1820 803 1850 recta
828 1813 866 1850 in
888 1814 1021 1864 anguis
1050 1814 1167 1864 impe-

267 1883 370 1914 tum:

111 1940 288 1979 Alterum
308 1941 425 1980 alterit
446 1942 691 1992 apprehendit
710 1955 775 1982 eos
794 1955 910 1981 manu
927 1943 1144 1994 perniciter.
