1277 2193
333 125 603 156 AMPHITRUO.
643 125 845 155 Supposxu.
1137 116 1186 154 Sl

57 223 171 262 Illum
189 236 278 262 sane
296 237 368 262 non
387 238 461 262 esse
479 225 658 275 oportuit,
673 224 749 262 nisi
764 224 909 275 quidem
929 223 980 261 sit
995 222 1111 273 gemi-

215 302 297 326 nus.

57 352 120 390 Ju.
148 352 293 390 Eccum
312 366 392 390 cum
409 353 650 403 Blepharone
669 354 827 391 Sosiam.
877 352 1109 403 compellabo

214 418 277 455 Izos
290 419 415 467 prius.
473 418 598 465 Sosia,
1128 416 1168 447 10

65 482 230 520 Tandem
258 482 312 520 ad
335 486 429 520 nos?
459 484 590 520 esurio.
649 484 713 520 So.
742 482 877 520 Dizin’
914 482 986 520 tibi
1013 483 1109 520 hune

214 547 440 597 veneficum?

57 611 145 649 Am.
173 612 289 649 Immo
325 625 391 661 ego
427 613 535 659 hune,
571 612 740 650 Thebani
767 613 876 659 cives,
913 613 979 663 qui
1013 611 1110 650 domi

215 690 359 714 uzorem
378 690 491 714 meam

56 740 304 790 Impudicitid
331 741 528 791 impetivit,
551 754 624 791 per
643 755 745 791 quem
771 747 871 779 teneo
896 742 1110 779 thesaurum

213 806 348 854 stupri.

58 869 122 906 SO.
152 869 272 916 Here,
292 870 326 906 si
345 875 385 907 tu
405 883 502 907 nime
522 871 654 917 esuris,
675 883 742 919 ego
761 876 871 907 satur
890 870 1037 920 pugnis
1058 868 1112 907 ad

214 939 248 971 te
267 935 389 972 volito.

58 997 145 1035 Am.
173 997 352 1047 Pergin’,
372 1000 583 1047 mastigia?
642 1000 704 1035 So.
735 999 816 1035 Abi
843 999 896 1035 ad
918 998 1112 1037 Acherun-

215 1068 296 1108 tem,
317 1063 480 1112 venefiee.
538 1063 625 1099 Am.
655 1063 754 1100 DIen'
777 1062 1004 1112 veneficum?
1128 1068 1170 1100 15

66 1126 228 1176 Vapula.
297 1126 358 1163 Ju.
395 1126 505 1173 chae,
544 1127 684 1176 hospes,
720 1127 960 1176 intemperiae,
993 1133 1037 1165 ut
1069 1133 1111 1165 tu

214 1204 327 1228 meum
344 1191 536 1228 verberes?
583 1192 671 1228 Am.
693 1191 843 1228 Tuum?
890 1191 952 1228 Ju.
972 1191 1110 1229 Eleum.

59 1255 147 1292 Am.
186 1255 376 1292 BIentiris.
444 1255 506 1292 Ju.
536 1255 661 1301 Sosia,
691 1255 706 1291 z·
736 1255 862 1291 intro.-
896 1255 982 1293 dum
1014 1256 1111 1293 hunc

215 1319 409 1369 sacruflco,
418 1318 494 1368 fae
507 1325 670 1368 paretur
681 1319 900 1368 prandium.

61 1383 124 1419 So.
153 1382 234 1420 Ibo.
302 1383 623 1433 Amphitruonem,
653 1383 830 1428 arbitror,
869 1383 927 1420 ita
964 1384 1113 1420 comiter

217 1446 444 1496 Amphitruo

61 1511 249 1560 Accipiet,
282 1517 325 1547 ut
356 1511 493 1548 dudum
523 1517 646 1548 memet
679 1525 745 1560 ego
777 1512 839 1549 ille
871 1512 968 1549 alter
998 1512 1112 1549 Sosia

218 1575 374 1612 Sosiam.

61 1640 215 1677 Interea
246 1639 331 1675 dum
363 1640 430 1676 isti
459 1645 618 1686 certant,
646 1640 686 1677 in
711 1641 891 1690 popinam
918 1640 1112 1678 devertun-

219 1703 304 1740 dum
322 1705 370 1740 'st
388 1704 478 1740 mihi
491 1718 503 1739 :
1128 1712 1170 1743 20

64 1768 211 1806 Lances
240 1768 430 1816 detergam
458 1768 604 1815 omneis,
624 1769 828 1819 omneisque
856 1770 992 1807 trullas
1020 1770 1112 1807 hau-

220 1832 327 1868 riam.
384 1831 445 1869 Ju.
484 1832 579 1868 Tan'
601 1846 652 1870 me

64 1896 225 1934 Mentiri
251 1896 339 1932 ais?
395 1897 482 1933 Am.
512 1896 703 1943 Mentiris,
729 1898 894 1948 inquam,
922 1911 1008 1936 meae
1035 1911 1112 1935 cor-

220 1959 538 2010 ruptor-familiae.
