<?xml version="1.0" encoding="UTF-8"?>
<!DOCTYPE html PUBLIC "-//W3C//DTD XHTML 1.0 Transitional//EN"
    "http://www.w3.org/TR/xhtml1/DTD/xhtml1-transitional.dtd">
<html xmlns="http://www.w3.org/1999/xhtml" xml:lang="en" lang="en">
 <head>
  <title>
</title>
<meta http-equiv="Content-Type" content="text/html;charset=utf-8" />
  <meta name='ocr-system' content='tesseract 3.04.00' />
  <meta name='ocr-capabilities' content='ocr_page ocr_carea ocr_par ocr_line ocrx_word'/>
</head>
<body>
  <div class='ocr_page' id='page_1' title='image "amphitruoetaulul00plauuoft_0064.png"; bbox 0 0 1277 2193; ppageno 0'>
   <div class='ocr_carea' id='block_1_1' title="bbox 46 125 956 162">
    <p class='ocr_par' dir='ltr' id='par_1_1' title="bbox 46 125 956 162">
     <span class='ocr_line' id='line_1_1' title="bbox 46 125 956 162; baseline -0.002 0"><span class='ocrx_word' id='word_1_1' title='bbox 46 125 99 162; x_wconf 75' lang='grc'>58</span> <span class='ocrx_word' id='word_1_2' title='bbox 327 133 594 162; x_wconf 77' lang='lat' dir='ltr'>AMPffl&#39;rRUO.</span> <span class='ocrx_word' id='word_1_3' title='bbox 636 133 718 161; x_wconf 82' lang='lat' dir='ltr'><strong>ACT.</strong></span> <span class='ocrx_word' id='word_1_4' title='bbox 740 133 779 161; x_wconf 86' lang='grc' dir='ltr'>ΙΙ.</span> <span class='ocrx_word' id='word_1_5' title='bbox 809 133 908 161; x_wconf 68' lang='lat' dir='ltr'>Sem.</span> <span class='ocrx_word' id='word_1_6' title='bbox 930 133 956 160; x_wconf 71' lang='lat'>2.</span> 
     </span>
    </p>
   </div>
   <div class='ocr_carea' id='block_1_2' title="bbox 124 230 1179 539">
    <p class='ocr_par' dir='ltr' id='par_1_2' title="bbox 126 230 1178 333">
     <span class='ocr_line' id='line_1_2' title="bbox 126 230 1178 272; baseline 0.001 -5"><span class='ocrx_word' id='word_1_7' title='bbox 126 230 211 268; x_wconf 85' lang='lat' dir='ltr'>Am.</span> <span class='ocrx_word' id='word_1_8' title='bbox 240 231 465 269; x_wconf 83' lang='lat' dir='ltr'>Perdidisti!</span> <span class='ocrx_word' id='word_1_9' title='bbox 523 232 585 268; x_wconf 86' lang='lat' dir='ltr'>So.</span> <span class='ocrx_word' id='word_1_10' title='bbox 614 231 720 272; x_wconf 79' lang='lat' dir='ltr'>Quid</span> <span class='ocrx_word' id='word_1_11' title='bbox 739 233 808 269; x_wconf 86' lang='lat' dir='ltr'>tibi</span> <span class='ocrx_word' id='word_1_12' title='bbox 829 234 910 268; x_wconf 75' lang='lat' dir='ltr'>est?</span> <span class='ocrx_word' id='word_1_13' title='bbox 966 231 1051 269; x_wconf 86' lang='lat' dir='ltr'>Am.</span> <span class='ocrx_word' id='word_1_14' title='bbox 1082 231 1178 269; x_wconf 82' lang='lat' dir='ltr'>Haeo</span> 
     </span>
     <span class='ocr_line' id='line_1_3' title="bbox 282 296 853 333; baseline 0 -1"><span class='ocrx_word' id='word_1_15' title='bbox 282 308 343 332; x_wconf 86' lang='lat' dir='ltr'>me</span> <span class='ocrx_word' id='word_1_16' title='bbox 363 296 475 333; x_wconf 89' lang='lat' dir='ltr'>modo</span> <span class='ocrx_word' id='word_1_17' title='bbox 496 296 541 332; x_wconf 90' lang='lat' dir='ltr'>ad</span> <span class='ocrx_word' id='word_1_18' title='bbox 561 302 719 333; x_wconf 88' lang='lat' dir='ltr'>mortem</span> <span class='ocrx_word' id='word_1_19' title='bbox 739 296 853 332; x_wconf 85' lang='lat' dir='ltr'>dedit.</span> 
     </span>
    </p>

    <p class='ocr_par' dir='ltr' id='par_1_3' title="bbox 124 359 1176 465">
     <span class='ocr_line' id='line_1_4' title="bbox 124 359 1176 409; baseline -0.001 -12"><span class='ocrx_word' id='word_1_20' title='bbox 124 359 190 397; x_wconf 81' lang='lat' dir='ltr'>Al.</span> <span class='ocrx_word' id='word_1_21' title='bbox 228 360 336 400; x_wconf 75' lang='lat' dir='ltr'>Quid</span> <span class='ocrx_word' id='word_1_22' title='bbox 370 361 461 409; x_wconf 82' lang='lat' dir='ltr'><strong>jam,</strong></span> <span class='ocrx_word' id='word_1_23' title='bbox 493 361 652 397; x_wconf 64' lang='lat' dir='ltr'>amabo?</span> <span class='ocrx_word' id='word_1_24' title='bbox 717 360 803 397; x_wconf 86' lang='lat' dir='ltr'>Am.</span> <span class='ocrx_word' id='word_1_25' title='bbox 842 360 904 397; x_wconf 87' lang='lat' dir='ltr'>Ne</span> <span class='ocrx_word' id='word_1_26' title='bbox 932 373 992 396; x_wconf 86' lang='lat' dir='ltr'>me</span> <span class='ocrx_word' id='word_1_27' title='bbox 1021 359 1176 408; x_wconf 85' lang='lat' dir='ltr'>appella.</span> 
     </span>
     <span class='ocr_line' id='line_1_5' title="bbox 281 425 1098 465; baseline 0 -4"><span class='ocrx_word' id='word_1_28' title='bbox 281 426 343 462; x_wconf 81' lang='lat' dir='ltr'>So.</span> <span class='ocrx_word' id='word_1_29' title='bbox 372 425 481 465; x_wconf 81' lang='lat' dir='ltr'>Quid</span> <span class='ocrx_word' id='word_1_30' title='bbox 501 425 569 462; x_wconf 88' lang='lat' dir='ltr'>tibi</span> <span class='ocrx_word' id='word_1_31' title='bbox 590 427 671 462; x_wconf 70' lang='lat' dir='ltr'>est?</span> <span class='ocrx_word' id='word_1_32' title='bbox 726 426 812 462; x_wconf 83' lang='lat' dir='ltr'>Am.</span> <span class='ocrx_word' id='word_1_33' title='bbox 843 426 944 462; x_wconf 84' lang='lat' dir='ltr'>Perii</span> <span class='ocrx_word' id='word_1_34' title='bbox 965 425 1098 461; x_wconf 84' lang='lat' dir='ltr'>miser!</span> 
     </span>
    </p>

    <p class='ocr_par' dir='ltr' id='par_1_4' title="bbox 124 488 1179 539">
     <span class='ocr_line' id='line_1_6' title="bbox 124 488 1179 539; baseline -0.001 -13"><span class='ocrx_word' id='word_1_35' title='bbox 124 488 231 529; x_wconf 80' lang='lat' dir='ltr'>Quia</span> <span class='ocrx_word' id='word_1_36' title='bbox 257 490 450 538; x_wconf 56' lang='lat' dir='ltr'>pudicitiae</span> <span class='ocrx_word' id='word_1_37' title='bbox 480 490 590 539; x_wconf 76' lang='lat' dir='ltr'>liujus</span> <span class='ocrx_word' id='word_1_38' title='bbox 610 490 742 526; x_wconf 83' lang='lat' dir='ltr'>vitium</span> <span class='ocrx_word' id='word_1_39' title='bbox 770 502 829 526; x_wconf 88' lang='lat' dir='ltr'>me</span> <span class='ocrx_word' id='word_1_40' title='bbox 859 490 921 526; x_wconf 82' lang='lat' dir='ltr'>hio</span> <span class='ocrx_word' id='word_1_41' title='bbox 951 490 1104 525; x_wconf 81' lang='lat' dir='ltr'>absente</span> <span class='ocrx_word' id='word_1_42' title='bbox 1123 495 1179 525; x_wconf 86' lang='lat' dir='ltr'>est</span> 
     </span>
    </p>
   </div>
   <div class='ocr_carea' id='block_1_3' title="bbox 47 554 1179 849">
    <p class='ocr_par' dir='ltr' id='par_1_5' title="bbox 47 554 1179 849">
     <span class='ocr_line' id='line_1_7' title="bbox 284 554 463 590; baseline 0 0"><span class='ocrx_word' id='word_1_43' title='bbox 284 554 463 590; x_wconf 82' lang='lat' dir='ltr'>additum.</span> 
     </span>
     <span class='ocr_line' id='line_1_8' title="bbox 47 617 1178 665; baseline 0.002 -13"><span class='ocrx_word' id='word_1_44' title='bbox 47 622 106 653; x_wconf 77' lang='grc'>180</span> <span class='ocrx_word' id='word_1_45' title='bbox 125 617 190 655; x_wconf 82' lang='lat' dir='ltr'>Al.</span> <span class='ocrx_word' id='word_1_46' title='bbox 230 617 416 665; x_wconf 81' lang='lat' dir='ltr'><strong>Obsecro,</strong></span> <span class='ocrx_word' id='word_1_47' title='bbox 448 625 609 665; x_wconf 82' lang='lat' dir='ltr'>ecastor,</span> <span class='ocrx_word' id='word_1_48' title='bbox 642 631 709 655; x_wconf 81' lang='lat' dir='ltr'>cur</span> <span class='ocrx_word' id='word_1_49' title='bbox 743 618 854 663; x_wconf 81' lang='lat' dir='ltr'>istuc,</span> <span class='ocrx_word' id='word_1_50' title='bbox 886 618 938 654; x_wconf 87' lang='lat' dir='ltr'>mi</span> <span class='ocrx_word' id='word_1_51' title='bbox 969 618 1036 664; x_wconf 82' lang='lat' dir='ltr'>vir,</span> <span class='ocrx_word' id='word_1_52' title='bbox 1067 630 1113 654; x_wconf 88' lang='lat' dir='ltr'>ex</span> <span class='ocrx_word' id='word_1_53' title='bbox 1141 624 1178 654; x_wconf 88' lang='lat' dir='ltr'>te</span> 
     </span>
     <span class='ocr_line' id='line_1_9' title="bbox 283 683 422 719; baseline 0.007 -1"><span class='ocrx_word' id='word_1_54' title='bbox 283 683 396 719; x_wconf 81' lang='lat' dir='ltr'>audio</span> <span class='ocrx_word' id='word_1_55' title='bbox 408 684 422 719; x_wconf 66' lang='lat' dir='ltr'>&#39;l</span> 
     </span>
     <span class='ocr_line' id='line_1_10' title="bbox 123 746 1179 797; baseline -0.001 -13"><span class='ocrx_word' id='word_1_56' title='bbox 123 747 211 784; x_wconf 87' lang='lat' dir='ltr'>Am.</span> <span class='ocrx_word' id='word_1_57' title='bbox 240 747 309 785; x_wconf 89' lang='lat' dir='ltr'>Vir</span> <span class='ocrx_word' id='word_1_58' title='bbox 330 760 401 797; x_wconf 87' lang='lat' dir='ltr'>ego</span> <span class='ocrx_word' id='word_1_59' title='bbox 421 754 508 784; x_wconf 83' lang='lat' dir='ltr'>tuus</span> <span class='ocrx_word' id='word_1_60' title='bbox 527 747 624 784; x_wconf 74' lang='lat' dir='ltr'>sim?</span> <span class='ocrx_word' id='word_1_61' title='bbox 652 760 700 784; x_wconf 89' lang='lat' dir='ltr'>ne</span> <span class='ocrx_word' id='word_1_62' title='bbox 721 760 781 783; x_wconf 86' lang='lat' dir='ltr'>me</span> <span class='ocrx_word' id='word_1_63' title='bbox 803 747 949 796; x_wconf 83' lang='lat' dir='ltr'>appella</span> <span class='ocrx_word' id='word_1_64' title='bbox 969 746 1061 784; x_wconf 74' lang='lat' dir='ltr'>falso</span> <span class='ocrx_word' id='word_1_65' title='bbox 1083 747 1179 784; x_wconf 78' lang='lat' dir='ltr'>salso</span> 
     </span>
     <span class='ocr_line' id='line_1_11' title="bbox 280 812 445 849; baseline 0 -1"><span class='ocrx_word' id='word_1_66' title='bbox 280 812 445 849; x_wconf 87' lang='lat' dir='ltr'>nomine.</span> 
     </span>
    </p>
   </div>
   <div class='ocr_carea' id='block_1_4' title="bbox 46 876 1179 2012">
    <p class='ocr_par' dir='ltr' id='par_1_6' title="bbox 46 876 1179 2012">
     <span class='ocr_line' id='line_1_12' title="bbox 124 876 1178 925; baseline 0.001 -12"><span class='ocrx_word' id='word_1_67' title='bbox 124 876 185 913; x_wconf 80' lang='lat' dir='ltr'>So.</span> <span class='ocrx_word' id='word_1_68' title='bbox 226 876 358 913; x_wconf 80' lang='lat' dir='ltr'>Haeret</span> <span class='ocrx_word' id='word_1_69' title='bbox 387 877 469 913; x_wconf 84' lang='lat' dir='ltr'>haeo</span> <span class='ocrx_word' id='word_1_70' title='bbox 497 889 577 913; x_wconf 79' lang='lat' dir='ltr'>res:</span> <span class='ocrx_word' id='word_1_71' title='bbox 612 876 798 925; x_wconf 84' lang='lat' dir='ltr'>siquidem</span> <span class='ocrx_word' id='word_1_72' title='bbox 829 876 910 913; x_wconf 77' lang='lat' dir='ltr'>haec,</span> <span class='ocrx_word' id='word_1_73' title='bbox 936 876 1013 925; x_wconf 80' lang='lat' dir='ltr'>jam</span> <span class='ocrx_word' id='word_1_74' title='bbox 1043 877 1178 914; x_wconf 89' lang='lat' dir='ltr'>mulier</span> 
     </span>
     <span class='ocr_line' id='line_1_13' title="bbox 282 941 620 977; baseline 0 0"><span class='ocrx_word' id='word_1_75' title='bbox 282 941 381 977; x_wconf 78' lang='lat' dir='ltr'>faeta</span> <span class='ocrx_word' id='word_1_76' title='bbox 400 942 446 977; x_wconf 81' lang='lat' dir='ltr'>&#39;st</span> <span class='ocrx_word' id='word_1_77' title='bbox 466 953 511 977; x_wconf 87' lang='lat' dir='ltr'>ex</span> <span class='ocrx_word' id='word_1_78' title='bbox 529 941 620 977; x_wconf 88' lang='lat' dir='ltr'>viro.</span> 
     </span>
     <span class='ocr_line' id='line_1_14' title="bbox 123 1004 1179 1055; baseline 0.001 -14"><span class='ocrx_word' id='word_1_79' title='bbox 123 1005 189 1042; x_wconf 77' lang='lat' dir='ltr'>Al.</span> <span class='ocrx_word' id='word_1_80' title='bbox 218 1004 328 1045; x_wconf 78' lang='lat' dir='ltr'>Quid</span> <span class='ocrx_word' id='word_1_81' title='bbox 348 1017 418 1055; x_wconf 87' lang='lat' dir='ltr'>ego</span> <span class='ocrx_word' id='word_1_82' title='bbox 440 1006 526 1052; x_wconf 84' lang='lat' dir='ltr'>feci,</span> <span class='ocrx_word' id='word_1_83' title='bbox 543 1018 616 1054; x_wconf 83' lang='lat' dir='ltr'>qua</span> <span class='ocrx_word' id='word_1_84' title='bbox 636 1005 740 1042; x_wconf 63' lang='lat' dir='ltr'>istaec</span> <span class='ocrx_word' id='word_1_85' title='bbox 759 1012 910 1054; x_wconf 87' lang='lat' dir='ltr'>propter</span> <span class='ocrx_word' id='word_1_86' title='bbox 929 1006 1032 1042; x_wconf 81' lang='lat' dir='ltr'>dicta</span> <span class='ocrx_word' id='word_1_87' title='bbox 1051 1006 1179 1042; x_wconf 84' lang='lat' dir='ltr'>dican-</span> 
     </span>
     <span class='ocr_line' id='line_1_15' title="bbox 281 1070 480 1106; baseline 0.005 -1"><span class='ocrx_word' id='word_1_88' title='bbox 281 1077 341 1106; x_wconf 87' lang='lat' dir='ltr'>tur</span> <span class='ocrx_word' id='word_1_89' title='bbox 362 1070 480 1106; x_wconf 64' lang='lat' dir='ltr'>mihi?</span> 
     </span>
     <span class='ocr_line' id='line_1_16' title="bbox 124 1134 1178 1183; baseline -0.002 -11"><span class='ocrx_word' id='word_1_90' title='bbox 124 1134 201 1172; x_wconf 86' lang='lat' dir='ltr'>Am</span> <span class='ocrx_word' id='word_1_91' title='bbox 240 1134 345 1171; x_wconf 79' lang='lat' dir='ltr'>Tute</span> <span class='ocrx_word' id='word_1_92' title='bbox 365 1134 508 1170; x_wconf 78' lang='lat' dir='ltr'>edictas</span> <span class='ocrx_word' id='word_1_93' title='bbox 537 1134 636 1171; x_wconf 79' lang='lat' dir='ltr'>sacta</span> <span class='ocrx_word' id='word_1_94' title='bbox 663 1140 740 1180; x_wconf 85' lang='lat' dir='ltr'>tua,</span> <span class='ocrx_word' id='word_1_95' title='bbox 762 1147 807 1171; x_wconf 85' lang='lat' dir='ltr'>ex</span> <span class='ocrx_word' id='word_1_96' title='bbox 836 1147 896 1171; x_wconf 89' lang='lat' dir='ltr'>me</span> <span class='ocrx_word' id='word_1_97' title='bbox 925 1134 1060 1182; x_wconf 87' lang='lat' dir='ltr'>quaeris</span> <span class='ocrx_word' id='word_1_98' title='bbox 1089 1134 1178 1183; x_wconf 93' lang='lat' dir='ltr'>quid</span> 
     </span>
     <span class='ocr_line' id='line_1_17' title="bbox 281 1199 510 1246; baseline 0 -12"><span class='ocrx_word' id='word_1_99' title='bbox 281 1199 510 1246; x_wconf 69' lang='lat' dir='ltr'>deliqueris?</span> 
     </span>
     <span class='ocr_line' id='line_1_18' title="bbox 46 1261 1178 1310; baseline 0.002 -14"><span class='ocrx_word' id='word_1_100' title='bbox 46 1265 107 1296; x_wconf 79' lang='lat'>185</span> <span class='ocrx_word' id='word_1_101' title='bbox 125 1262 189 1299; x_wconf 83' lang='lat' dir='ltr'>Al.</span> <span class='ocrx_word' id='word_1_102' title='bbox 218 1261 327 1301; x_wconf 77' lang='lat' dir='ltr'>Quid</span> <span class='ocrx_word' id='word_1_103' title='bbox 356 1274 427 1310; x_wconf 81' lang='lat' dir='ltr'>ego</span> <span class='ocrx_word' id='word_1_104' title='bbox 455 1261 526 1297; x_wconf 82' lang='lat' dir='ltr'>tibi</span> <span class='ocrx_word' id='word_1_105' title='bbox 555 1261 709 1309; x_wconf 89' lang='lat' dir='ltr'>deliqui,</span> <span class='ocrx_word' id='word_1_106' title='bbox 731 1261 760 1296; x_wconf 86' lang='lat' dir='ltr'>si</span> <span class='ocrx_word' id='word_1_107' title='bbox 782 1261 844 1297; x_wconf 87' lang='lat' dir='ltr'>cui</span> <span class='ocrx_word' id='word_1_108' title='bbox 866 1268 981 1309; x_wconf 83' lang='lat' dir='ltr'>nupta</span> <span class='ocrx_word' id='word_1_109' title='bbox 1009 1273 1104 1307; x_wconf 82' lang='lat' dir='ltr'>sum,</span> <span class='ocrx_word' id='word_1_110' title='bbox 1126 1269 1178 1298; x_wconf 90' lang='lat' dir='ltr'>te—</span> 
     </span>
     <span class='ocr_line' id='line_1_19' title="bbox 283 1325 470 1361; baseline -0.005 0"><span class='ocrx_word' id='word_1_111' title='bbox 283 1337 371 1361; x_wconf 82' lang='lat' dir='ltr'>cum</span> <span class='ocrx_word' id='word_1_112' title='bbox 392 1325 443 1361; x_wconf 87' lang='lat' dir='ltr'>fui</span> <span class='ocrx_word' id='word_1_113' title='bbox 456 1326 470 1361; x_wconf 64' lang='lat' dir='ltr'>‘l</span> 
     </span>
     <span class='ocr_line' id='line_1_20' title="bbox 126 1388 1178 1438; baseline -0.001 -11"><span class='ocrx_word' id='word_1_114' title='bbox 126 1390 211 1428; x_wconf 84' lang='lat' dir='ltr'>Am.</span> <span class='ocrx_word' id='word_1_115' title='bbox 241 1389 343 1426; x_wconf 88' lang='lat' dir='ltr'>Tun&#39;</span> <span class='ocrx_word' id='word_1_116' title='bbox 375 1401 524 1425; x_wconf 81' lang='lat' dir='ltr'>mecum</span> <span class='ocrx_word' id='word_1_117' title='bbox 554 1388 694 1425; x_wconf 65' lang='lat' dir='ltr'>fueris?</span> <span class='ocrx_word' id='word_1_118' title='bbox 724 1388 813 1436; x_wconf 89' lang='lat' dir='ltr'>quid</span> <span class='ocrx_word' id='word_1_119' title='bbox 843 1388 930 1424; x_wconf 79' lang='lat' dir='ltr'>illae</span> <span class='ocrx_word' id='word_1_120' title='bbox 960 1388 1178 1438; x_wconf 81' lang='lat' dir='ltr'>impudente</span> 
     </span>
     <span class='ocr_line' id='line_1_21' title="bbox 284 1454 489 1490; baseline -0.005 -1"><span class='ocrx_word' id='word_1_121' title='bbox 284 1454 489 1490; x_wconf 76' lang='lat' dir='ltr'>audacius?</span> 
     </span>
     <span class='ocr_line' id='line_1_22' title="bbox 126 1517 1098 1566; baseline -0.002 -11"><span class='ocrx_word' id='word_1_122' title='bbox 126 1518 268 1555; x_wconf 81' lang='lat' dir='ltr'>Saltem</span> <span class='ocrx_word' id='word_1_123' title='bbox 288 1524 379 1563; x_wconf 81' lang='lat' dir='ltr'>tute,</span> <span class='ocrx_word' id='word_1_124' title='bbox 402 1518 431 1553; x_wconf 85' lang='lat' dir='ltr'>si</span> <span class='ocrx_word' id='word_1_125' title='bbox 452 1517 605 1565; x_wconf 80' lang='lat' dir='ltr'>pudoris</span> <span class='ocrx_word' id='word_1_126' title='bbox 625 1529 748 1566; x_wconf 75' lang='lat' dir='ltr'>egeas,</span> <span class='ocrx_word' id='word_1_127' title='bbox 770 1529 895 1552; x_wconf 75' lang='lat' dir='ltr'>sumas</span> <span class='ocrx_word' id='word_1_128' title='bbox 916 1524 1098 1553; x_wconf 85' lang='lat' dir='ltr'>mutuum.</span> 
     </span>
     <span class='ocr_line' id='line_1_23' title="bbox 125 1580 1177 1630; baseline -0.002 -11"><span class='ocrx_word' id='word_1_129' title='bbox 125 1582 190 1619; x_wconf 83' lang='lat' dir='ltr'>Al.</span> <span class='ocrx_word' id='word_1_130' title='bbox 221 1582 325 1618; x_wconf 81' lang='lat' dir='ltr'>Istuc</span> <span class='ocrx_word' id='word_1_131' title='bbox 354 1582 514 1625; x_wconf 76' lang='lat' dir='ltr'>sueinus,</span> <span class='ocrx_word' id='word_1_132' title='bbox 536 1582 635 1628; x_wconf 85' lang='lat' dir='ltr'>quod</span> <span class='ocrx_word' id='word_1_133' title='bbox 664 1589 703 1616; x_wconf 89' lang='lat' dir='ltr'>tu</span> <span class='ocrx_word' id='word_1_134' title='bbox 734 1580 938 1625; x_wconf 71' lang='lat' dir='ltr'>insimulas,</span> <span class='ocrx_word' id='word_1_135' title='bbox 962 1588 1088 1617; x_wconf 78' lang='lat' dir='ltr'>nostro</span> <span class='ocrx_word' id='word_1_136' title='bbox 1115 1593 1177 1630; x_wconf 83' lang='lat' dir='ltr'>ge-</span> 
     </span>
     <span class='ocr_line' id='line_1_24' title="bbox 282 1645 600 1682; baseline -0.006 0"><span class='ocrx_word' id='word_1_137' title='bbox 282 1645 364 1682; x_wconf 82' lang='lat' dir='ltr'>neri</span> <span class='ocrx_word' id='word_1_138' title='bbox 385 1658 459 1681; x_wconf 89' lang='lat' dir='ltr'>non</span> <span class='ocrx_word' id='word_1_139' title='bbox 480 1645 600 1681; x_wconf 86' lang='lat' dir='ltr'>decet.</span> 
     </span>
     <span class='ocr_line' id='line_1_25' title="bbox 126 1707 1140 1755; baseline -0.002 -10"><span class='ocrx_word' id='word_1_140' title='bbox 126 1709 190 1745; x_wconf 90' lang='lat' dir='ltr'>Tu</span> <span class='ocrx_word' id='word_1_141' title='bbox 212 1708 242 1744; x_wconf 83' lang='lat' dir='ltr'>si</span> <span class='ocrx_word' id='word_1_142' title='bbox 263 1721 322 1744; x_wconf 89' lang='lat' dir='ltr'>me</span> <span class='ocrx_word' id='word_1_143' title='bbox 342 1707 589 1755; x_wconf 57' lang='lat' dir='ltr'>impudicitia}</span> <span class='ocrx_word' id='word_1_144' title='bbox 610 1714 751 1755; x_wconf 77' lang='lat' dir='ltr'>captas,</span> <span class='ocrx_word' id='word_1_145' title='bbox 773 1719 847 1742; x_wconf 84' lang='lat' dir='ltr'>non</span> <span class='ocrx_word' id='word_1_146' title='bbox 868 1714 973 1754; x_wconf 77' lang='lat' dir='ltr'>potes</span> <span class='ocrx_word' id='word_1_147' title='bbox 995 1719 1140 1755; x_wconf 78' lang='lat' dir='ltr'>capere.</span> 
     </span>
     <span class='ocr_line' id='line_1_26' title="bbox 49 1771 1177 1820; baseline -0.004 -10"><span class='ocrx_word' id='word_1_148' title='bbox 49 1778 109 1810; x_wconf 83' lang='lat'>190</span> <span class='ocrx_word' id='word_1_149' title='bbox 127 1772 212 1809; x_wconf 82' lang='lat' dir='ltr'>Am.</span> <span class='ocrx_word' id='word_1_150' title='bbox 242 1771 343 1808; x_wconf 88' lang='lat' dir='ltr'>Proh</span> <span class='ocrx_word' id='word_1_151' title='bbox 363 1771 400 1807; x_wconf 79' lang='lat' dir='ltr'>di</span> <span class='ocrx_word' id='word_1_152' title='bbox 430 1771 679 1807; x_wconf 78' lang='lat' dir='ltr'>immortales!</span> <span class='ocrx_word' id='word_1_153' title='bbox 711 1771 929 1820; x_wconf 79' lang='lat' dir='ltr'>eognosciu’</span> <span class='ocrx_word' id='word_1_154' title='bbox 953 1778 992 1807; x_wconf 85' lang='lat' dir='ltr'>tu</span> <span class='ocrx_word' id='word_1_155' title='bbox 1021 1783 1080 1807; x_wconf 87' lang='lat' dir='ltr'>me</span> <span class='ocrx_word' id='word_1_156' title='bbox 1108 1771 1177 1807; x_wconf 78' lang='lat' dir='ltr'>sal-</span> 
     </span>
     <span class='ocr_line' id='line_1_27' title="bbox 284 1835 529 1880; baseline -0.004 -9"><span class='ocrx_word' id='word_1_157' title='bbox 284 1842 372 1880; x_wconf 84' lang='lat' dir='ltr'>tem,</span> <span class='ocrx_word' id='word_1_158' title='bbox 395 1835 529 1871; x_wconf 73' lang='lat' dir='ltr'>Sosia?</span> 
     </span>
     <span class='ocr_line' id='line_1_28' title="bbox 128 1898 1175 1948; baseline -0.001 -11"><span class='ocrx_word' id='word_1_159' title='bbox 128 1900 191 1937; x_wconf 82' lang='lat' dir='ltr'>So.</span> <span class='ocrx_word' id='word_1_160' title='bbox 225 1898 513 1948; x_wconf 86' lang='lat' dir='ltr'>Propemodum.</span> <span class='ocrx_word' id='word_1_161' title='bbox 582 1898 667 1935; x_wconf 81' lang='lat' dir='ltr'>Am.</span> <span class='ocrx_word' id='word_1_162' title='bbox 703 1899 897 1935; x_wconf 75' lang='lat' dir='ltr'>Coenaviu&#39;</span> <span class='ocrx_word' id='word_1_163' title='bbox 928 1911 999 1947; x_wconf 83' lang='lat' dir='ltr'>ego</span> <span class='ocrx_word' id='word_1_164' title='bbox 1028 1898 1107 1936; x_wconf 87' lang='lat' dir='ltr'>heri</span> <span class='ocrx_word' id='word_1_165' title='bbox 1136 1898 1175 1936; x_wconf 88' lang='lat' dir='ltr'>in</span> 
     </span>
     <span class='ocr_line' id='line_1_29' title="bbox 284 1962 755 2012; baseline -0.002 -12"><span class='ocrx_word' id='word_1_166' title='bbox 284 1963 368 2000; x_wconf 78' lang='lat' dir='ltr'>navi</span> <span class='ocrx_word' id='word_1_167' title='bbox 390 1963 426 1999; x_wconf 87' lang='lat' dir='ltr'>in</span> <span class='ocrx_word' id='word_1_168' title='bbox 446 1970 555 2012; x_wconf 84' lang='lat' dir='ltr'>portu</span> <span class='ocrx_word' id='word_1_169' title='bbox 575 1962 755 1999; x_wconf 73' lang='lat' dir='ltr'>Persico?</span> 
     </span>
    </p>
   </div>
  </div>
 </body>
</html>
