1277 2193
25 142 77 179 56
304 151 572 182 AMPIHTRUO.
614 153 696 181 Aer.
719 152 758 181 11.
787 153 887 183 scm.
908 154 936 183 2.

105 248 223 287 Estne
247 250 328 287 hcec
355 264 498 300 patera,
520 252 594 300 que
615 252 775 290 donatus
795 253 876 290 illi?
930 253 1016 290 Am.
1047 254 1156 291 Sum-

261 328 321 353 me
341 316 528 366 Juppiter‚

103 378 212 418 Quid
246 392 317 430 ego
349 381 482 418 video!
524 382 606 418 haec
643 394 688 418 ea
717 389 772 419 est
807 383 979 432 profecto
1015 390 1155 432 patera.

261 444 381 481 Perii!
413 446 534 482 Sosia.

26 512 86 543 150
105 508 166 545 So.
216 509 296 545 Aut
331 510 393 559 pol
431 510 512 546 haec
557 510 821 560 praestigiatrix
867 512 1000 548 muller
1038 511 1157 549 multo

262 586 437 610 maxuma
465 581 532 619 est,

105 637 185 674 Aut
211 645 378 686 pateram
398 637 462 674 hic
492 639 614 675 inesse
633 646 791 688 oportet.
847 640 933 676 Am.
964 640 1174 694 Agedum,-

262 715 342 739 eam
365 703 466 739 solve
486 703 670 739 cistulam.

104 766 166 803 So.
187 766 295 806 Quid
312 779 383 816 ego
401 767 508 803 istam
525 767 722 803 exolvam?
752 767 952 817 obsignata
966 769 1012 804 'st
1031 776 1155 806 recte:

261 843 320 867 res
340 838 445 880 gesta
464 838 519 867 est
539 831 644 867 bene.

104 895 169 931 Tu
197 895 375 944 peperisti
405 895 736 944 Amphitruonem,
775 909 846 945 ego
886 897 1000 932 alium
1027 897 1156 946 peperi

263 959 432 995 Sosiam:

105 1023 222 1060 Nunc
242 1023 273 1059 si
294 1031 461 1072 pateram
480 1031 609 1072 patera
629 1023 785 1072 peperit,
805 1037 936 1061 omnes
966 1025 1157 1074 congemi-

262 1087 443 1124 navimus.

26 1160 86 1190 155
105 1152 190 1189 Am.
230 1152 387 1188 Certum
417 1159 471 1188 est
500 1152 657 1200 aperire,
689 1160 799 1200 atque
829 1153 1024 1201 inspicere.
1093 1154 1154 1191 So.

262 1216 360 1252 Vide
381 1216 431 1252 sis
452 1216 550 1264 sigui
571 1217 660 1263 quid
681 1216 771 1252 siet:

105 1279 167 1316 Ne
186 1280 372 1328 posterius
392 1280 430 1315 in
447 1292 506 1315 me
527 1279 675 1328 culpam
694 1279 877 1316 conferas.
928 1280 1014 1317 Am.
1037 1281 1155 1330 Aperi

262 1344 395 1380 modo:

106 1408 207 1445 Nam
240 1409 321 1445 haec
355 1408 506 1456 quidem
538 1420 607 1444 nos
645 1407 845 1444 delirantes
883 1408 1008 1445 facere
1045 1409 1157 1446 dictis

262 1472 434 1521 postulat.

107 1537 171 1574 Al.
201 1537 311 1574 Unde
339 1537 420 1573 hrec
450 1536 562 1586 igitur
591 1543 658 1582 est,
680 1536 751 1572 nisi
782 1537 846 1572 abs
874 1544 923 1582 te,
953 1550 1035 1585 quae
1063 1537 1156 1574 mihi

265 1602 364 1637 dono
385 1601 469 1637 data
489 1608 543 1637 est
560 1602 568 1637 ,Ρ

109 1665 194 1702 Am.
224 1665 331 1714 Opus
352 1664 401 1701 mi
422 1674 476 1702 est
505 1665 601 1701 istuc
622 1665 817 1713 exquisito.
875 1666 937 1702 So.
968 1665 1155 1715 Juppiter‚

263 1742 331 1778 pro
352 1729 545 1778 Juppiter!
579 1731 582 1733 ’

31 1801 91 1833 160
108 1794 194 1831 Am.
231 1793 340 1833 Quid
372 1793 440 1829 tibi
475 1794 555 1830 est?
611 1793 672 1830 So.
712 1793 790 1830 Hic
821 1800 950 1842 patera
982 1794 1084 1831 nulla
1115 1794 1154 1831 in

266 1857 402 1894 cistula
421 1858 476 1893 ⁷st.
532 1857 617 1894 Am.
646 1857 756 1897 Quid
776 1870 847 1907 ego
868 1857 1005 1894 audio?

110 1922 171 1960 So.
201 1921 246 1959 Id
275 1921 374 1970 quod
403 1934 530 1958 verum
559 1928 623 1958 est.
681 1922 766 1960 Am.
797 1921 849 1960 At
869 1934 955 1960 cum
984 1921 1155 1961 cruciatu

263 1986 353 2036 jam,
373 1986 412 2023 ni
434 1992 597 2036 apparet,
618 1992 693 2023 tuo.
