1277 2193
67 74 119 112 98
361 83 588 114 PROLOGUS
617 83 660 112 IN
688 83 982 114 AULULARIAM.

146 182 255 232 Coepi
274 183 486 230 observare,
507 183 618 232 ecqui
639 184 817 234 majorem
838 183 938 220 filius

146 245 245 283 Mihi
266 247 448 284 honorem
465 248 633 294 haberet,
650 260 762 296 quam
779 248 858 297 ejus
874 247 1066 284 habuisset
1080 252 1196 297 pater.

146 311 275 359 Atque
295 312 358 348 ille
377 325 465 349 vero
485 313 610 348 minus
629 313 829 360 minusque
850 312 1042 361 impendio

146 374 302 422 Curare,
324 376 524 425 minusque
543 389 603 413 me
624 377 815 425 impartire
836 376 1052 413 honoribus.

82 441 123 472 20
145 439 242 476 Item
276 453 295 477 a
323 453 384 477 me
414 447 546 478 contra
575 441 715 478 sactum
745 448 800 478 est
818 454 824 477 :
864 453 951 477 nam
983 440 1072 477 item
1105 440 1198 478 obiit

302 505 413 542 diem.

145 568 183 605 Is
203 581 248 606 ex
267 581 307 606 se
327 569 428 606 hunc
448 569 611 619 reliquit,
628 570 692 619 qui
709 569 770 606 hic
790 582 893 607 nunc
909 569 1064 615 habitat,
1080 568 1200 606 filium

145 633 290 671 Pariter
310 641 508 681 moratum,
530 645 570 671 ut
587 642 693 684 pater
715 647 879 683 avusque
898 634 1010 684 hujus
1030 634 1111 671 fuit.

146 697 250 734 Huic
270 698 346 735 filia
365 711 441 736 una
460 706 537 736 est:
568 711 612 736 ea
630 699 724 735 mihi
745 699 886 735 cotidie

145 762 226 798 Aut
245 770 339 809 ture,
362 770 425 799 aut
445 763 545 809 vino,
568 770 630 800 aut
651 763 767 811 aliqui
788 775 934 812 semper
955 762 1162 812 supplicat:

82 830 123 861 25
146 825 222 863 Dat
242 826 332 863 mihi
354 839 523 864 coronas.
581 827 674 876 Ejus
694 827 849 864 honoris
868 827 990 876 gratia

146 890 252 936 Feci,
273 891 491 928 thesaurum
510 900 551 927 ut
571 891 634 927 hic
654 892 834 940 reperiret
854 891 1006 937 Euclio,

143 954 237 994 Quo
257 967 339 991 eam
361 955 511 992 facilius
531 962 702 1004 nuptum,
724 957 754 992 si
777 956 899 1001 vellet,
921 956 1036 992 daret.

145 1019 248 1056 Nam
269 1020 492 1069 compressit
511 1032 593 1057 eam
614 1021 660 1056 de
680 1032 827 1056 summo
849 1020 1069 1057 adolescens
1087 1020 1185 1057 loco.

145 1083 183 1120 Is
202 1084 274 1120 scit
295 1084 514 1121 adolescens
533 1097 614 1133 quae
635 1084 694 1131 sit,
716 1097 828 1132 quam
848 1084 1133 1134 compresserit:

84 1155 124 1186 30
150 1148 221 1185 Illa
242 1148 346 1185 illum
365 1149 500 1195 nescit,
521 1161 644 1196 neque
664 1161 918 1197 compressam
940 1155 1062 1186 autem
1082 1155 1196 1197 pater.

147 1211 244 1248 Eam
265 1224 336 1261 ego
356 1212 468 1249 hodie
489 1212 638 1254 faciam,
660 1219 702 1248 ut
722 1212 783 1248 hic
803 1225 918 1248 senex
937 1213 983 1249 de
1002 1212 1174 1261 proximo

147 1275 230 1313 Sibi
250 1288 404 1312 uxorem
422 1282 565 1324 poscat.
622 1275 665 1312 Id
687 1275 732 1312 ea
753 1275 888 1312 faciam
908 1276 1041 1325 gratia,

146 1340 239 1379 Quo
260 1340 323 1376 ille
342 1352 424 1376 eam
445 1339 595 1376 facilius
615 1339 742 1385 ducat,
763 1339 826 1387 qui
848 1347 1132 1388 compresserat.

148 1404 198 1441 Et
217 1404 280 1441 hic
300 1403 363 1452 qui
382 1411 514 1453 poscet
532 1416 614 1440 eam
635 1403 706 1439 sibi
727 1416 881 1440 uxorem
902 1417 1029 1450 senex,

85 1473 126 1504 35
148 1469 185 1506 Is
206 1468 457 1506 adolescentis
477 1467 577 1504 illius
597 1474 651 1504 est
672 1468 890 1514 avunculus,

147 1533 229 1573 Qui
251 1533 353 1570 illam
372 1532 552 1581 stupravit
571 1539 701 1579 noctu,
723 1532 873 1569 Cereris
893 1532 1042 1582 vigiliis.

149 1597 226 1634 Sed
246 1597 309 1634 hic
328 1609 442 1634 senex
458 1597 535 1647 jam
556 1597 692 1633 clamat
713 1596 825 1643 intus,
847 1603 887 1633 ut
908 1597 1014 1634 solet.

149 1662 279 1698 Anum
300 1662 399 1699 foras
417 1661 592 1707 extrudit,
613 1674 661 1698 ne
680 1661 729 1698 sit
748 1661 911 1698 conscia.

150 1725 276 1763 Credo
296 1738 427 1764 aurum
448 1725 635 1776 inspicere
653 1725 742 1773 volt,
763 1737 811 1763 ne
829 1731 1041 1775 surreptum
1060 1725 1141 1764 siet.
