<?xml version="1.0" encoding="UTF-8"?>
<!DOCTYPE html PUBLIC "-//W3C//DTD XHTML 1.0 Transitional//EN"
    "http://www.w3.org/TR/xhtml1/DTD/xhtml1-transitional.dtd">
<html xmlns="http://www.w3.org/1999/xhtml" xml:lang="en" lang="en">
 <head>
  <title>
</title>
<meta http-equiv="Content-Type" content="text/html;charset=utf-8" />
  <meta name='ocr-system' content='tesseract 3.04.00' />
  <meta name='ocr-capabilities' content='ocr_page ocr_carea ocr_par ocr_line ocrx_word'/>
</head>
<body>
  <div class='ocr_page' id='page_1' title='image "amphitruoetaulul00plauuoft_0140.png"; bbox 0 0 1277 2193; ppageno 0'>
   <div class='ocr_carea' id='block_1_1' title="bbox 75 124 149 162">
    <p class='ocr_par' dir='ltr' id='par_1_1' title="bbox 75 124 149 162">
     <span class='ocr_line' id='line_1_1' title="bbox 75 124 149 162; baseline 0.014 -1"><span class='ocrx_word' id='word_1_1' title='bbox 75 124 149 162; x_wconf 77' lang='lat'>132</span> 
     </span>
    </p>
   </div>
   <div class='ocr_carea' id='block_1_2' title="bbox 111 231 132 261">
    <p class='ocr_par' dir='ltr' id='par_1_2' title="bbox 111 231 132 261">
     <span class='ocr_line' id='line_1_2' title="bbox 111 231 132 261; baseline 0 0"><span class='ocrx_word' id='word_1_2' title='bbox 111 231 132 261; x_wconf 90' lang='lat'>5</span> 
     </span>
    </p>
   </div>
   <div class='ocr_carea' id='block_1_3' title="bbox 93 813 131 844">
    <p class='ocr_par' dir='ltr' id='par_1_3' title="bbox 93 813 131 844">
     <span class='ocr_line' id='line_1_3' title="bbox 93 813 131 844; baseline 0 0"><span class='ocrx_word' id='word_1_3' title='bbox 93 813 131 844; x_wconf 90' lang='grc'>10</span> 
     </span>
    </p>
   </div>
   <div class='ocr_carea' id='block_1_4' title="bbox 93 1395 131 1426">
    <p class='ocr_par' dir='ltr' id='par_1_4' title="bbox 93 1395 131 1426">
     <span class='ocr_line' id='line_1_4' title="bbox 93 1395 131 1426; baseline -0.026 0"><span class='ocrx_word' id='word_1_4' title='bbox 93 1395 131 1426; x_wconf 86' lang='grc'>15</span> 
     </span>
    </p>
   </div>
   <div class='ocr_carea' id='block_1_5' title="bbox 363 129 989 160">
    <p class='ocr_par' dir='ltr' id='par_1_5' title="bbox 363 129 989 160">
     <span class='ocr_line' id='line_1_5' title="bbox 363 129 989 160; baseline -0.003 -1"><span class='ocrx_word' id='word_1_5' title='bbox 363 130 615 160; x_wconf 77' lang='lat' dir='ltr'>AULULARIA.</span> <span class='ocrx_word' id='word_1_6' title='bbox 657 130 736 158; x_wconf 75' lang='lat' dir='ltr'>Ac&#39;r.</span> <span class='ocrx_word' id='word_1_7' title='bbox 762 129 812 158; x_wconf 85' lang='lat' dir='ltr'>[V.</span> <span class='ocrx_word' id='word_1_8' title='bbox 843 129 941 159; x_wconf 68' lang='lat' dir='ltr'>Sem.</span> <span class='ocrx_word' id='word_1_9' title='bbox 964 129 989 158; x_wconf 89' lang='lat'>1.</span> 
     </span>
    </p>
   </div>
   <div class='ocr_carea' id='block_1_6' title="bbox 148 226 1207 1948">
    <p class='ocr_par' dir='ltr' id='par_1_6' title="bbox 152 226 1203 277">
     <span class='ocr_line' id='line_1_6' title="bbox 152 226 1203 277; baseline -0.002 -11"><span class='ocrx_word' id='word_1_10' title='bbox 152 229 221 267; x_wconf 88' lang='lat' dir='ltr'>Sin</span> <span class='ocrx_word' id='word_1_11' title='bbox 241 229 429 275; x_wconf 83' lang='lat' dir='ltr'>dormitet,</span> <span class='ocrx_word' id='word_1_12' title='bbox 446 229 498 266; x_wconf 85' lang='lat' dir='ltr'>ita</span> <span class='ocrx_word' id='word_1_13' title='bbox 517 229 706 273; x_wconf 78' lang='lat' dir='ltr'>dormitet,</span> <span class='ocrx_word' id='word_1_14' title='bbox 724 242 870 266; x_wconf 82' lang='lat' dir='ltr'>servom</span> <span class='ocrx_word' id='word_1_15' title='bbox 890 240 972 265; x_wconf 85' lang='lat' dir='ltr'>sese</span> <span class='ocrx_word' id='word_1_16' title='bbox 992 234 1034 264; x_wconf 92' lang='lat' dir='ltr'>ut</span> <span class='ocrx_word' id='word_1_17' title='bbox 1049 226 1203 277; x_wconf 84' lang='lat' dir='ltr'><strong>cogitet.</strong></span> 
     </span>
    </p>

    <p class='ocr_par' dir='ltr' id='par_1_7' title="bbox 149 292 1206 405">
     <span class='ocr_line' id='line_1_7' title="bbox 149 292 1206 342; baseline -0.003 -11"><span class='ocrx_word' id='word_1_18' title='bbox 149 294 250 331; x_wconf 86' lang='lat' dir='ltr'>Nam</span> <span class='ocrx_word' id='word_1_19' title='bbox 271 295 335 342; x_wconf 92' lang='lat' dir='ltr'>qui</span> <span class='ocrx_word' id='word_1_20' title='bbox 357 294 495 331; x_wconf 79' lang='lat' dir='ltr'>amanti</span> <span class='ocrx_word' id='word_1_21' title='bbox 516 295 606 330; x_wconf 84' lang='lat' dir='ltr'>hero</span> <span class='ocrx_word' id='word_1_22' title='bbox 627 294 844 331; x_wconf 87' lang='lat' dir='ltr'>servitutem</span> <span class='ocrx_word' id='word_1_23' title='bbox 864 293 989 340; x_wconf 85' lang='lat' dir='ltr'>servit,</span> <span class='ocrx_word' id='word_1_24' title='bbox 1007 292 1114 341; x_wconf 81' lang='lat' dir='ltr'>quasi</span> <span class='ocrx_word' id='word_1_25' title='bbox 1134 304 1206 342; x_wconf 84' lang='lat' dir='ltr'>ego</span> 
     </span>
     <span class='ocr_line' id='line_1_8' title="bbox 306 358 440 405; baseline -0.007 -10"><span class='ocrx_word' id='word_1_26' title='bbox 306 358 440 405; x_wconf 84' lang='lat' dir='ltr'>servio,</span> 
     </span>
    </p>

    <p class='ocr_par' dir='ltr' id='par_1_8' title="bbox 151 420 1206 533">
     <span class='ocr_line' id='line_1_9' title="bbox 151 420 1206 472; baseline -0.002 -12"><span class='ocrx_word' id='word_1_27' title='bbox 151 423 192 460; x_wconf 86' lang='lat' dir='ltr'>Si</span> <span class='ocrx_word' id='word_1_28' title='bbox 219 423 351 460; x_wconf 86' lang='lat' dir='ltr'>herum</span> <span class='ocrx_word' id='word_1_29' title='bbox 371 423 471 459; x_wconf 86' lang='lat' dir='ltr'>videt</span> <span class='ocrx_word' id='word_1_30' title='bbox 499 435 675 472; x_wconf 84' lang='lat' dir='ltr'>superare</span> <span class='ocrx_word' id='word_1_31' title='bbox 697 435 876 469; x_wconf 80' lang='lat' dir='ltr'>amorem,</span> <span class='ocrx_word' id='word_1_32' title='bbox 897 422 970 458; x_wconf 90' lang='lat' dir='ltr'>hoc</span> <span class='ocrx_word' id='word_1_33' title='bbox 998 420 1096 459; x_wconf 87' lang='lat' dir='ltr'>servi</span> <span class='ocrx_word' id='word_1_34' title='bbox 1123 432 1206 458; x_wconf 86' lang='lat' dir='ltr'>esse</span> 
     </span>
     <span class='ocr_line' id='line_1_10' title="bbox 309 487 592 533; baseline 0 -10"><span class='ocrx_word' id='word_1_35' title='bbox 309 487 474 523; x_wconf 86' lang='lat' dir='ltr'>officium</span> <span class='ocrx_word' id='word_1_36' title='bbox 496 500 592 533; x_wconf 83' lang='lat' dir='ltr'>reor,</span> 
     </span>
    </p>

    <p class='ocr_par' dir='ltr' id='par_1_9' title="bbox 151 549 1205 664">
     <span class='ocr_line' id='line_1_11' title="bbox 151 549 1205 600; baseline -0.001 -13"><span class='ocrx_word' id='word_1_37' title='bbox 151 550 336 588; x_wconf 83' lang='lat' dir='ltr'>Retinere</span> <span class='ocrx_word' id='word_1_38' title='bbox 366 552 411 587; x_wconf 83' lang='lat' dir='ltr'>ad</span> <span class='ocrx_word' id='word_1_39' title='bbox 441 552 620 588; x_wconf 78' lang='lat' dir='ltr'>salutem:</span> <span class='ocrx_word' id='word_1_40' title='bbox 654 564 730 588; x_wconf 89' lang='lat' dir='ltr'>non</span> <span class='ocrx_word' id='word_1_41' title='bbox 759 564 860 596; x_wconf 85' lang='lat' dir='ltr'>eum,</span> <span class='ocrx_word' id='word_1_42' title='bbox 890 563 965 600; x_wconf 88' lang='lat' dir='ltr'>quo</span> <span class='ocrx_word' id='word_1_43' title='bbox 994 549 1205 596; x_wconf 81' lang='lat' dir='ltr'><strong>incumbat,</strong></span> 
     </span>
     <span class='ocr_line' id='line_1_12' title="bbox 307 616 583 664; baseline 0 -12"><span class='ocrx_word' id='word_1_44' title='bbox 307 628 353 652; x_wconf 92' lang='lat' dir='ltr'>eo</span> <span class='ocrx_word' id='word_1_45' title='bbox 382 616 583 664; x_wconf 80' lang='lat' dir='ltr'>impellere.</span> 
     </span>
    </p>

    <p class='ocr_par' dir='ltr' id='par_1_10' title="bbox 149 678 1206 790">
     <span class='ocr_line' id='line_1_13' title="bbox 149 678 1206 729; baseline -0.002 -12"><span class='ocrx_word' id='word_1_46' title='bbox 149 679 274 719; x_wconf 80' lang='lat' dir='ltr'>Quasi</span> <span class='ocrx_word' id='word_1_47' title='bbox 301 681 422 729; x_wconf 88' lang='lat' dir='ltr'>pueri,</span> <span class='ocrx_word' id='word_1_48' title='bbox 454 681 516 728; x_wconf 83' lang='lat' dir='ltr'>qui</span> <span class='ocrx_word' id='word_1_49' title='bbox 545 693 635 716; x_wconf 82' lang='lat' dir='ltr'>nare</span> <span class='ocrx_word' id='word_1_50' title='bbox 664 680 828 727; x_wconf 84' lang='lat' dir='ltr'>discunt,</span> <span class='ocrx_word' id='word_1_51' title='bbox 859 678 1007 728; x_wconf 87' lang='lat' dir='ltr'>scirpea</span> <span class='ocrx_word' id='word_1_52' title='bbox 1035 678 1206 715; x_wconf 83' lang='lat' dir='ltr'>induitur</span> 
     </span>
     <span class='ocr_line' id='line_1_14' title="bbox 307 745 410 790; baseline 0.01 -10"><span class='ocrx_word' id='word_1_53' title='bbox 307 745 410 790; x_wconf 84' lang='lat' dir='ltr'>ratis,</span> 
     </span>
    </p>

    <p class='ocr_par' dir='ltr' id='par_1_11' title="bbox 149 808 1207 909">
     <span class='ocr_line' id='line_1_15' title="bbox 149 808 1207 848; baseline -0.001 -4"><span class='ocrx_word' id='word_1_54' title='bbox 149 808 231 848; x_wconf 76' lang='lat' dir='ltr'>Qui</span> <span class='ocrx_word' id='word_1_55' title='bbox 247 809 419 845; x_wconf 85' lang='lat' dir='ltr'>laborent</span> <span class='ocrx_word' id='word_1_56' title='bbox 434 808 558 844; x_wconf 87' lang='lat' dir='ltr'>minus</span> <span class='ocrx_word' id='word_1_57' title='bbox 573 821 579 844; x_wconf 93' lang='lat'>:</span> <span class='ocrx_word' id='word_1_58' title='bbox 610 808 757 844; x_wconf 80' lang='lat' dir='ltr'>facilius</span> <span class='ocrx_word' id='word_1_59' title='bbox 777 815 818 844; x_wconf 88' lang='lat' dir='ltr'>ut</span> <span class='ocrx_word' id='word_1_60' title='bbox 834 815 925 845; x_wconf 84' lang='lat' dir='ltr'>nent</span> <span class='ocrx_word' id='word_1_61' title='bbox 940 821 947 844; x_wconf 76' lang='grc' dir='ltr'>ε</span> <span class='ocrx_word' id='word_1_62' title='bbox 977 814 1014 844; x_wconf 90' lang='lat' dir='ltr'>et</span> <span class='ocrx_word' id='word_1_63' title='bbox 1029 811 1207 844; x_wconf 82' lang='lat' dir='ltr'>moveant</span> 
     </span>
     <span class='ocr_line' id='line_1_16' title="bbox 307 885 460 909; baseline 0 -1"><span class='ocrx_word' id='word_1_64' title='bbox 307 885 460 909; x_wconf 85' lang='lat' dir='ltr'>manus:</span> 
     </span>
    </p>

    <p class='ocr_par' dir='ltr' id='par_1_12' title="bbox 150 935 1205 1049">
     <span class='ocr_line' id='line_1_17' title="bbox 150 935 1205 973; baseline 0 0"><span class='ocrx_word' id='word_1_65' title='bbox 150 936 295 973; x_wconf 85' lang='lat' dir='ltr'>Eodem</span> <span class='ocrx_word' id='word_1_66' title='bbox 334 937 446 973; x_wconf 87' lang='lat' dir='ltr'>modo</span> <span class='ocrx_word' id='word_1_67' title='bbox 480 949 624 973; x_wconf 84' lang='lat' dir='ltr'>servom</span> <span class='ocrx_word' id='word_1_68' title='bbox 658 944 775 973; x_wconf 78' lang='lat' dir='ltr'>ratem</span> <span class='ocrx_word' id='word_1_69' title='bbox 813 949 895 972; x_wconf 78' lang='lat' dir='ltr'>esse</span> <span class='ocrx_word' id='word_1_70' title='bbox 934 935 1074 972; x_wconf 81' lang='lat' dir='ltr'>amanti</span> <span class='ocrx_word' id='word_1_71' title='bbox 1112 936 1205 973; x_wconf 91' lang='lat' dir='ltr'>hero</span> 
     </span>
     <span class='ocr_line' id='line_1_18' title="bbox 307 1014 634 1049; baseline 0 -12"><span class='ocrx_word' id='word_1_72' title='bbox 307 1014 453 1049; x_wconf 82' lang='lat' dir='ltr'>aequom</span> <span class='ocrx_word' id='word_1_73' title='bbox 483 1014 634 1047; x_wconf 79' lang='lat' dir='ltr'>censeo,</span> 
     </span>
    </p>

    <p class='ocr_par' dir='ltr' id='par_1_13' title="bbox 149 1063 1036 1114">
     <span class='ocr_line' id='line_1_19' title="bbox 149 1063 1036 1114; baseline -0.002 -12"><span class='ocrx_word' id='word_1_74' title='bbox 149 1065 199 1102; x_wconf 88' lang='lat' dir='ltr'>Ut</span> <span class='ocrx_word' id='word_1_75' title='bbox 218 1066 364 1111; x_wconf 86' lang='lat' dir='ltr'>toleret,</span> <span class='ocrx_word' id='word_1_76' title='bbox 385 1078 432 1102; x_wconf 90' lang='lat' dir='ltr'>ne</span> <span class='ocrx_word' id='word_1_77' title='bbox 452 1078 600 1114; x_wconf 80' lang='lat' dir='ltr'>pessum</span> <span class='ocrx_word' id='word_1_78' title='bbox 624 1065 743 1111; x_wconf 81' lang='lat' dir='ltr'>abeat,</span> <span class='ocrx_word' id='word_1_79' title='bbox 763 1072 942 1112; x_wconf 81' lang='lat' dir='ltr'>tanquam</span> <span class='ocrx_word' id='word_1_80' title='bbox 963 1064 984 1085; x_wconf 40' lang='grc' dir='ltr'>ἧς</span> <span class='ocrx_word' id='word_1_81' title='bbox 1014 1063 1036 1087; x_wconf 61' lang='lat'>²³²²</span> 
     </span>
    </p>

    <p class='ocr_par' dir='ltr' id='par_1_14' title="bbox 150 1128 1204 1239">
     <span class='ocr_line' id='line_1_20' title="bbox 150 1128 1204 1179; baseline 0 -13"><span class='ocrx_word' id='word_1_82' title='bbox 150 1130 284 1167; x_wconf 84' lang='lat' dir='ltr'>Herile</span> <span class='ocrx_word' id='word_1_83' title='bbox 301 1130 499 1179; x_wconf 85' lang='lat' dir='ltr'>imperium</span> <span class='ocrx_word' id='word_1_84' title='bbox 520 1130 676 1175; x_wconf 80' lang='lat' dir='ltr'>ediscat,</span> <span class='ocrx_word' id='word_1_85' title='bbox 694 1137 735 1166; x_wconf 91' lang='lat' dir='ltr'>ut</span> <span class='ocrx_word' id='word_1_86' title='bbox 750 1130 849 1178; x_wconf 91' lang='lat' dir='ltr'>quod</span> <span class='ocrx_word' id='word_1_87' title='bbox 867 1130 968 1166; x_wconf 86' lang='lat' dir='ltr'>frons</span> <span class='ocrx_word' id='word_1_88' title='bbox 984 1130 1084 1176; x_wconf 85' lang='lat' dir='ltr'>velit,</span> <span class='ocrx_word' id='word_1_89' title='bbox 1101 1128 1204 1166; x_wconf 86' lang='lat' dir='ltr'>oculi</span> 
     </span>
     <span class='ocr_line' id='line_1_21' title="bbox 307 1195 448 1239; baseline -0.007 -8"><span class='ocrx_word' id='word_1_90' title='bbox 307 1195 448 1239; x_wconf 80' lang='lat' dir='ltr'>sciant3</span> 
     </span>
    </p>

    <p class='ocr_par' dir='ltr' id='par_1_15' title="bbox 148 1257 1203 1370">
     <span class='ocr_line' id='line_1_22' title="bbox 148 1257 1203 1307; baseline -0.001 -12"><span class='ocrx_word' id='word_1_91' title='bbox 148 1259 267 1299; x_wconf 79' lang='lat' dir='ltr'>Quod</span> <span class='ocrx_word' id='word_1_92' title='bbox 290 1259 431 1307; x_wconf 82' lang='lat' dir='ltr'>jubeat,</span> <span class='ocrx_word' id='word_1_93' title='bbox 454 1258 538 1294; x_wconf 85' lang='lat' dir='ltr'>citis</span> <span class='ocrx_word' id='word_1_94' title='bbox 567 1257 759 1306; x_wconf 76' lang='lat' dir='ltr'>quadrigis</span> <span class='ocrx_word' id='word_1_95' title='bbox 789 1257 900 1293; x_wconf 85' lang='lat' dir='ltr'>citius</span> <span class='ocrx_word' id='word_1_96' title='bbox 928 1263 1102 1306; x_wconf 82' lang='lat' dir='ltr'>properet</span> <span class='ocrx_word' id='word_1_97' title='bbox 1120 1269 1203 1306; x_wconf 83' lang='lat' dir='ltr'>per-</span> 
     </span>
     <span class='ocr_line' id='line_1_23' title="bbox 307 1323 424 1370; baseline -0.009 -11"><span class='ocrx_word' id='word_1_98' title='bbox 307 1323 424 1370; x_wconf 87' lang='lat' dir='ltr'>sequi.</span> 
     </span>
    </p>

    <p class='ocr_par' dir='ltr' id='par_1_16' title="bbox 148 1385 1068 1431">
     <span class='ocr_line' id='line_1_24' title="bbox 148 1385 1068 1431; baseline -0.002 -7"><span class='ocrx_word' id='word_1_99' title='bbox 148 1387 230 1427; x_wconf 79' lang='lat' dir='ltr'>Qui</span> <span class='ocrx_word' id='word_1_100' title='bbox 250 1399 295 1423; x_wconf 87' lang='lat' dir='ltr'>ea</span> <span class='ocrx_word' id='word_1_101' title='bbox 314 1386 472 1431; x_wconf 78' lang='lat' dir='ltr'>curabit,</span> <span class='ocrx_word' id='word_1_102' title='bbox 495 1385 696 1422; x_wconf 81' lang='lat' dir='ltr'>abstinebit</span> <span class='ocrx_word' id='word_1_103' title='bbox 715 1385 895 1421; x_wconf 79' lang='lat' dir='ltr'>censione</span> <span class='ocrx_word' id='word_1_104' title='bbox 916 1385 1068 1422; x_wconf 65' lang='lat' dir='ltr'>bubulzi.</span> 
     </span>
    </p>

    <p class='ocr_par' dir='ltr' id='par_1_17' title="bbox 150 1449 1201 1563">
     <span class='ocr_line' id='line_1_25' title="bbox 150 1449 1201 1499; baseline -0.002 -10"><span class='ocrx_word' id='word_1_105' title='bbox 150 1452 236 1489; x_wconf 87' lang='lat' dir='ltr'>Nec</span> <span class='ocrx_word' id='word_1_106' title='bbox 268 1451 336 1487; x_wconf 60' lang='lat' dir='ltr'>sud</span> <span class='ocrx_word' id='word_1_107' title='bbox 368 1451 482 1499; x_wconf 57' lang='lat' dir='ltr'>opera</span> <span class='ocrx_word' id='word_1_108' title='bbox 512 1450 657 1499; x_wconf 80' lang='lat' dir='ltr'>rediget</span> <span class='ocrx_word' id='word_1_109' title='bbox 691 1462 856 1497; x_wconf 81' lang='lat' dir='ltr'>unquam</span> <span class='ocrx_word' id='word_1_110' title='bbox 890 1449 928 1484; x_wconf 89' lang='lat' dir='ltr'>in</span> <span class='ocrx_word' id='word_1_111' title='bbox 962 1449 1201 1498; x_wconf 85' lang='lat' dir='ltr'>splendorem</span> 
     </span>
     <span class='ocr_line' id='line_1_26' title="bbox 307 1514 518 1563; baseline -0.009 -12"><span class='ocrx_word' id='word_1_112' title='bbox 307 1514 518 1563; x_wconf 81' lang='lat' dir='ltr'>compedes,</span> 
     </span>
    </p>

    <p class='ocr_par' dir='ltr' id='par_1_18' title="bbox 150 1577 1201 1691">
     <span class='ocr_line' id='line_1_27' title="bbox 150 1577 1201 1626; baseline -0.001 -10"><span class='ocrx_word' id='word_1_113' title='bbox 150 1579 266 1616; x_wconf 93' lang='lat' dir='ltr'>Nunc</span> <span class='ocrx_word' id='word_1_114' title='bbox 296 1579 408 1615; x_wconf 89' lang='lat' dir='ltr'>herus</span> <span class='ocrx_word' id='word_1_115' title='bbox 440 1591 545 1615; x_wconf 86' lang='lat' dir='ltr'>meus</span> <span class='ocrx_word' id='word_1_116' title='bbox 579 1585 678 1614; x_wconf 78' lang='lat' dir='ltr'>amat</span> <span class='ocrx_word' id='word_1_117' title='bbox 711 1578 824 1614; x_wconf 86' lang='lat' dir='ltr'>filiam</span> <span class='ocrx_word' id='word_1_118' title='bbox 858 1577 969 1626; x_wconf 86' lang='lat' dir='ltr'>hujus</span> <span class='ocrx_word' id='word_1_119' title='bbox 1001 1577 1201 1615; x_wconf 81' lang='lat' dir='ltr'>Euclionis</span> 
     </span>
     <span class='ocr_line' id='line_1_28' title="bbox 305 1642 502 1691; baseline 0 -13"><span class='ocrx_word' id='word_1_120' title='bbox 305 1642 502 1691; x_wconf 82' lang='lat' dir='ltr'>pauperis:</span> 
     </span>
    </p>

    <p class='ocr_par' dir='ltr' id='par_1_19' title="bbox 150 1704 1200 1820">
     <span class='ocr_line' id='line_1_29' title="bbox 150 1704 1200 1755; baseline -0.001 -12"><span class='ocrx_word' id='word_1_121' title='bbox 150 1705 246 1743; x_wconf 86' lang='lat' dir='ltr'>Earn</span> <span class='ocrx_word' id='word_1_122' title='bbox 276 1706 366 1743; x_wconf 89' lang='lat' dir='ltr'>hero</span> <span class='ocrx_word' id='word_1_123' title='bbox 397 1718 501 1742; x_wconf 89' lang='lat' dir='ltr'>nunc</span> <span class='ocrx_word' id='word_1_124' title='bbox 534 1705 798 1742; x_wconf 81' lang='lat' dir='ltr'>renunciatum</span> <span class='ocrx_word' id='word_1_125' title='bbox 830 1711 886 1742; x_wconf 87' lang='lat' dir='ltr'>est</span> <span class='ocrx_word' id='word_1_126' title='bbox 917 1711 1076 1755; x_wconf 88' lang='lat' dir='ltr'>nuptum</span> <span class='ocrx_word' id='word_1_127' title='bbox 1107 1704 1200 1742; x_wconf 85' lang='lat' dir='ltr'>huic</span> 
     </span>
     <span class='ocr_line' id='line_1_30' title="bbox 305 1769 624 1820; baseline -0.006 -13"><span class='ocrx_word' id='word_1_128' title='bbox 305 1770 514 1820; x_wconf 82' lang='lat' dir='ltr'>Megadoro</span> <span class='ocrx_word' id='word_1_129' title='bbox 533 1769 624 1805; x_wconf 85' lang='lat' dir='ltr'>dari.</span> 
     </span>
    </p>

    <p class='ocr_par' dir='ltr' id='par_1_20' title="bbox 149 1832 1198 1948">
     <span class='ocr_line' id='line_1_31' title="bbox 149 1832 1198 1885; baseline -0.002 -13"><span class='ocrx_word' id='word_1_130' title='bbox 149 1834 188 1872; x_wconf 94' lang='lat' dir='ltr'>Is</span> <span class='ocrx_word' id='word_1_131' title='bbox 206 1834 439 1885; x_wconf 87' lang='lat' dir='ltr'>speculatum</span> <span class='ocrx_word' id='word_1_132' title='bbox 460 1834 534 1870; x_wconf 89' lang='lat' dir='ltr'>huc</span> <span class='ocrx_word' id='word_1_133' title='bbox 554 1833 655 1871; x_wconf 86' lang='lat' dir='ltr'>misit</span> <span class='ocrx_word' id='word_1_134' title='bbox 674 1845 746 1880; x_wconf 86' lang='lat' dir='ltr'>me,</span> <span class='ocrx_word' id='word_1_135' title='bbox 764 1840 815 1881; x_wconf 89' lang='lat' dir='ltr'>ut,</span> <span class='ocrx_word' id='word_1_136' title='bbox 832 1846 914 1882; x_wconf 81' lang='lat' dir='ltr'>quae</span> <span class='ocrx_word' id='word_1_137' title='bbox 933 1833 1077 1881; x_wconf 87' lang='lat' dir='ltr'>fierent,</span> <span class='ocrx_word' id='word_1_138' title='bbox 1093 1832 1198 1871; x_wconf 77' lang='lat' dir='ltr'>fieret</span> 
     </span>
     <span class='ocr_line' id='line_1_32' title="bbox 304 1897 502 1948; baseline 0 -14"><span class='ocrx_word' id='word_1_139' title='bbox 304 1897 502 1948; x_wconf 87' lang='lat' dir='ltr'>particeps.</span> 
     </span>
    </p>
   </div>
  </div>
 </body>
</html>
