1277 2193
288 129 556 159 AMPHITRUO.
598 129 678 157 Αοτ.
701 129 724 158 1.
753 130 853 158 Semi.
874 131 902 159 2.
1141 124 1192 162 35

62 227 132 265 Ibo
163 229 206 265 ad
237 235 399 277 portum,
433 236 543 277 atque
572 229 654 266 haec
680 229 734 267 uti
763 235 851 266 sunt
880 229 992 276 faeta,
1020 228 1112 266 hero

218 293 343 329 dicam
363 305 458 330 meo.

60 356 148 394 Nisi
181 358 292 394 etiam
327 358 357 393 is
390 370 540 406 quoque
573 370 632 395 me
666 358 853 408 ignorabit
865 372 874 404 ;
918 358 1018 407 quod
1048 358 1112 396 ille

218 422 330 458 faciat
349 422 533 470 Juppiter.
1129 428 1190 462 305

60 486 110 523 Ut
130 499 201 536 ego
220 486 332 523 hodie
352 499 436 523 raso
457 487 580 536 capite
600 488 727 524 calvus
748 488 895 537 capiam
914 488 1067 537 pileum.

460 688 584 722 SCEN
588 688 621 721 A
660 688 704 722 II.

455 809 707 849 Mssncmzms.

110 939 222 976 BENE
252 951 505 988 prospereque
534 940 607 976 hoc
637 940 749 977 hodie
779 940 903 990 operis
921 941 1107 990 processit

213 1004 316 1040 mihi.

57 1067 194 1103 Amovi
217 1079 237 1103 a
256 1067 398 1103 foribus
420 1080 632 1105 maxumam
652 1069 876 1116 molestiam,

55 1131 158 1168 Patri
179 1138 218 1167 ut
237 1131 368 1167 liceret
388 1138 468 1168 tuto
489 1132 589 1168 illam
609 1132 863 1181 amplexarier.

55 1195 141 1232 Jam
175 1195 237 1231 ille
270 1195 361 1231 illuc
395 1196 440 1232 ad
473 1195 605 1233 herum
638 1209 752 1244 quom
785 1196 1104 1246 Amphitruonem

213 1259 416 1305 advenerit,

54 1323 235 1361 Narrabit
255 1336 400 1361 servom
420 1323 512 1360 hinc
530 1336 611 1361 sese
633 1337 652 1361 a
674 1325 816 1362 foribus
836 1326 985 1363 Sosiam
1119 1332 1141 1364 5

54 1388 264 1425 Amovisse.
321 1388 390 1425 Ille
412 1388 504 1425 adeo
524 1389 629 1425 illum
649 1389 799 1426 mentiri
819 1390 891 1426 sibi

55 1452 215 1489 Credet:
245 1465 367 1500 neque
387 1453 515 1489 credet
536 1453 610 1489 huc
628 1454 851 1502 profectum,
872 1461 912 1491 ut
926 1454 1099 1504 jusserat.

54 1516 204 1554 Erroris
225 1517 334 1553 ambo
353 1529 424 1566 ego
444 1517 527 1553 illos
546 1524 583 1554 et
601 1518 799 1554 dementiae

54 1580 276 1629 Complebo,
299 1587 409 1628 atque
428 1593 578 1617 omnem
597 1582 886 1630 Amphitruonis
906 1583 1097 1621 familiam.

56 1645 164 1682 Adeo
184 1657 301 1692 usque
321 1645 529 1681 satietatem
549 1645 638 1682 dum
659 1646 782 1695 capiet
800 1653 905 1696 pater
1116 1654 1157 1687 10

52 1708 159 1745 Illius
179 1721 290 1757 quam
310 1716 418 1746 amat.
474 1709 594 1759 Igitur
614 1710 764 1747 demum
784 1723 914 1748 omnes
932 1713 1066 1760 scient,

51 1773 152 1813 Quae
174 1773 282 1810 facta.
339 1773 515 1822 Denique
534 1774 786 1812 Alcumenam
806 1775 980 1825 Juppiter

53 1837 221 1887 Rediget
241 1837 431 1886 antiquam
451 1838 489 1874 in
510 1839 752 1876 concordiam
772 1840 956 1890 conjugis.

52 1900 153 1938 Nam
173 1901 401 1952 Amphitruo
422 1909 588 1941 actutum
607 1903 713 1941 uxori
734 1904 860 1943 turbas
879 1904 1041 1951 conciet,
