1277 2193
262 133 532 163 AMPHITRUO.
574 134 655 162 Aer.
678 133 718 162 11.
746 134 847 162 scm.
867 133 894 161 ρ.
1130 127 1182 165 47

48 232 254 282 Parumper
283 233 369 270 data
398 234 469 269 'st:
499 232 589 269 dum
618 231 687 269 viri
712 232 788 268 mei
819 231 912 268 mihi
938 237 1104 281 potestas

205 298 356 334 videndi
378 298 448 334 fuit

47 361 213 399 Noctem
234 376 348 399 unam
367 363 503 400 modo:
536 370 646 411 atque
667 362 697 399 is
716 368 871 410 repente
892 361 984 397 abiit
1005 374 1025 398 a
1043 373 1104 397 me

205 427 294 463 hino
315 434 400 464 ante
420 427 556 464 lucem.

47 492 138 529 Sola
166 491 229 529 hio
258 492 352 528 mihi
380 505 484 528 nuno
504 492 646 537 videor,
668 491 756 540 quia
784 491 847 528 ille
866 491 957 527 hinc
986 491 1102 535 abest,

204 570 316 605 quem
337 569 408 606 ego
430 569 514 592 amo
534 563 667 605 praeter
688 568 830 592 omnes.
1123 559 1163 590 10

45 621 136 658 Plus
157 622 247 671 aegri
268 634 313 658 ex
335 622 437 658 abitu
458 621 540 667 viri,
557 633 669 668 quam
690 633 735 657 ex
756 621 917 657 adventu
938 620 1108 669 volupta-

204 694 251 723 tis
272 699 366 735 cepi.

47 751 123 788 Sed
153 752 226 788 hoc
254 765 314 788 me
342 752 425 788 beat
454 751 600 796 saltem,
630 750 729 799 quod
757 750 970 799 perduelles
998 749 1103 795 vicit,

203 824 240 853 et
260 817 414 852 domum

45 881 188 918 Laudis
217 893 372 929 compos
401 880 566 917 revenit:
605 879 642 916 id
671 879 806 916 solatio
835 886 901 916 est.
968 879 1102 925 Absit3

203 946 410 982 dummodo

47 1009 177 1047 Laude
204 1010 311 1058 part&
341 1010 495 1046 domum
524 1009 683 1058 recipiat
712 1021 776 1045 se:
812 1009 929 1045 feram
957 1015 994 1045 et
1020 1021 1104 1058 per-

205 1075 321 1110 feram
340 1086 460 1122 usque

48 1139 207 1175 Abitum
246 1139 325 1187 ejus
365 1138 490 1174 animo
529 1137 614 1175 forti
655 1144 765 1185 atque
802 1137 999 1173 obfirmato
1016 1151 1022 1173 :
1065 1137 1100 1174 id

204 1203 317 1239 modo
338 1203 368 1238 si
388 1203 574 1238 mercedis
1121 1206 1162 1237 15

47 1268 167 1304 Datur
187 1267 293 1313 mihi,
311 1274 351 1303 ut
371 1279 477 1303 meus
495 1267 611 1303 victor
629 1267 682 1303 vir
700 1267 787 1303 belli
808 1267 943 1303 clueat.
1002 1267 1102 1303 Satis

47 1331 145 1368 Mihi
166 1345 247 1369 esse
267 1332 415 1368 ducam.
467 1331 600 1368 Virtus
615 1331 811 1380 praemium
829 1338 885 1367 est
905 1331 1099 1380 optimum.

47 1397 178 1433 Virtus
198 1397 374 1433 omnibus
395 1397 507 1433 rebus
528 1396 645 1432 anteit
663 1396 846 1445 profecto.

48 1460 232 1506 Libertas,
253 1461 365 1506 salus,
386 1461 474 1506 vita,
496 1473 568 1505 res,
588 1467 776 1508 parenteS‚

47 1525 176 1562 Patria
195 1532 231 1561 et
248 1525 422 1574 prognati
444 1531 626 1570 tutantur,
648 1530 864 1561 servantur:
1119 1527 1161 1559 20

48 1590 180 1626 Virtus
208 1589 336 1625 omnia
364 1589 402 1625 in
431 1601 471 1625 se
499 1589 634 1624 habet:
674 1588 802 1625 omnia
831 1595 960 1625 assunt
987 1589 1100 1635 bona,

206 1665 317 1702 quem
336 1665 452 1702 penes
472 1659 527 1689 est
546 1652 672 1689 virtus.

47 1717 133 1755 Am.
163 1717 309 1767 Edepol
338 1729 398 1754 me
427 1717 534 1754 uxori
554 1724 769 1766 exoptatum
789 1717 904 1754 credo
925 1717 1103 1754 adventu-

204 1795 287 1819 rum
307 1782 473 1828 domum,

47 1847 149 1888 Quae
170 1860 230 1884 me
251 1854 370 1883 amat:
401 1859 512 1895 quam
542 1854 673 1884 contra
700 1859 804 1883 amo:
832 1846 1040 1896 praesertim
1061 1859 1102 1884 re

205 1910 312 1961 gesta
332 1911 441 1957 bene,

50 1975 175 2014 Victis
194 1975 378 2023 hostibus,
395 1988 489 2026 quos
503 1987 616 2013 nemo
629 1988 740 2026 posse
759 1975 927 2026 superari
946 1975 1100 2014 ratu’st:
