1277 2193
74 94 148 133 128
357 98 617 129 AULULARIA.
658 99 739 126 Aer.
761 97 817 126 111.
844 98 943 127 sm«.
966 97 991 126 5.

150 198 335 249 Propolae‚
356 199 554 245 linteones,
577 197 804 243 calceolarii,

151 264 363 301 Sedentarii
385 272 543 309 sutores,
565 262 824 308 diabathrarii,

92 338 132 368 40
151 329 312 366 Solearii
334 336 466 374 astant,
490 334 610 364 astant
629 326 906 372 molochinarii,

149 394 288 431 Petunt
308 393 482 438 fullones,
503 393 754 428 sarcinatores
773 398 916 440 petunt.

150 458 375 506 strophiarii
397 464 529 502 astant,
553 463 674 492 astant
693 455 946 492 semizonarii.

150 522 235 559 Jam
257 522 371 558 hosce
393 522 582 558 absolutos
603 533 778 556 censeas:
810 520 961 565 cedunt,
982 526 1125 568 petunt.

150 586 333 624 Trecenti
354 599 441 622 cum
462 593 560 622 stant
580 585 796 634 phylaoistae
819 585 856 620 in
878 584 992 630 atriis,

91 658 132 690 45
150 651 353 696 Textores,
376 650 590 695 limbolarii,
614 649 788 685 amalarii
809 649 1021 685 ducuntur:
1052 649 1160 686 datur

151 715 230 753 AEs.
288 715 373 752 Jain
395 715 510 750 hosce
531 714 720 750 absolutos
740 725 908 758 censeas,

150 779 248 816 Cum
271 780 451 815 incedunt
472 778 672 814 infectores
693 777 915 822 crocotarii3

150 844 230 880 Aut
264 844 389 891 aliqua
420 842 518 878 mala
551 854 643 878 crux
675 853 820 889 semper
850 848 918 886 est,
949 854 1031 889 quae
1061 841 1202 890 aliquid

306 914 418 956 petat.

151 972 228 1010 Eu.
259 972 536 1020 Compellarem
573 983 644 1020 ego
682 971 800 1017 illum,
820 970 858 1006 ni
879 977 1045 1007 metuam
1064 982 1112 1007 ne
1140 970 1203 1008 de-

310 1036 407 1072 sinat

91 1104 132 1135 50
153 1101 367 1138 Memorare
387 1112 510 1136 mores
530 1099 752 1136 mulierum:
783 1111 886 1135 nuno
907 1099 962 1135 sic
982 1099 1114 1136 sinam.

150 1166 224 1202 Me.
254 1165 329 1201 Ubi
349 1164 584 1213 nugigerulis
604 1176 662 1199 res
683 1164 805 1200 soluta
824 1171 880 1199 est
899 1164 1089 1207 omnibus,

150 1229 210 1266 Ibi
232 1229 276 1265 ad
296 1235 525 1277 postremum
548 1227 648 1263 cedit
669 1227 788 1272 miles,
810 1240 859 1263 aes
878 1227 981 1275 petit.

150 1293 243 1339 Itur,
264 1299 414 1341 putatur
435 1291 529 1327 ratio
549 1303 636 1326 cum
659 1290 881 1339 argentario,

152 1357 369 1406 Impransus
389 1356 497 1392 miles
519 1362 625 1399 astat,
648 1368 696 1390 aes
717 1361 846 1390 censet
865 1354 956 1390 dari.

93 1424 135 1455 55
152 1422 226 1459 Ubi
248 1421 435 1469 disputata
455 1426 510 1456 est
530 1419 623 1455 ratio
645 1431 730 1454 cuin
753 1419 977 1468 argentario,

154 1486 279 1522 Etiam
298 1485 382 1534 plus
403 1485 504 1533 ipsus
523 1484 620 1519 ultro
641 1483 750 1519 debet
772 1483 994 1531 argentario.

155 1551 250 1598 Spes
267 1555 489 1598 prorogatur
510 1547 618 1584 militi
640 1547 676 1582 in
700 1547 811 1583 alium
833 1547 943 1583 diem.

155 1614 251 1651 Haeo
271 1620 357 1650 sunt
377 1620 487 1660 atque
508 1612 587 1648 alite
608 1611 734 1647 multae
755 1611 792 1646 in
812 1611 958 1660 magnis
978 1611 1131 1648 dotibus

155 1677 502 1721 Incommoditates,
523 1682 770 1723 sumptusque
789 1674 1053 1712 intolerabiles.

96 1750 138 1783 60
156 1741 256 1778 Nam
277 1754 358 1790 quae
380 1741 546 1777 indotata
565 1746 632 1784 est,
653 1751 697 1775 ea
717 1739 755 1775 in
774 1745 956 1787 potestate
975 1745 1030 1776 est
1048 1738 1139 1785 viri;

156 1805 305 1843 Dotatae
325 1811 492 1841 mactant
511 1813 548 1840 et
566 1803 665 1839 malo
685 1810 723 1840 et
741 1803 878 1839 damno
898 1802 1007 1840 viros.

138 1884 140 1886 ·
158 1869 236 1908 Sed
262 1881 396 1906 eccum
431 1868 578 1905 affinem
611 1874 697 1905 ante
729 1867 837 1905 aedes.
891 1866 1001 1908 Quid
1030 1866 1096 1914 ais,
1125 1865 1202 1905 Eu-

312 1931 413 1970 clio?
463 1931 470 1941 ’
