1277 2193
281 83 543 113 AULULARIA.
585 86 667 113 Aer.
689 83 729 112 11.
757 84 858 112 scm.
881 84 906 111 1.
1126 69 1203 110 103

352 255 516 289 ACTUS
549 255 592 288 II.
631 255 838 289 SCENAL

338 378 542 416 Eum-omia,
582 378 850 416 MEGADORUS.

119 508 198 545 Ειι.
228 508 364 544 VELm
384 515 421 544 te
443 507 613 544 arbitrari
634 519 693 544 me
713 507 795 544 haec
813 506 940 553 verba,
961 506 1086 552 frater,

66 572 164 609 Meae
185 572 285 617 fidei,
305 579 454 620 tuaeque
474 572 527 608 rei
548 572 621 607 hoc
642 572 756 608 causa

65 637 223 682 Facere,
244 643 285 672 ut
305 648 452 684 aequom
472 644 529 672 est
547 648 766 685 germanam
785 648 965 673 sororem.

63 701 297 748 Quanquam
319 700 418 736 haud
439 700 532 736 falsa
550 712 646 746 sum,
668 713 737 736 nos
757 701 908 737 odiosas
927 699 1069 736 haberi.

64 765 166 801 Nam
186 765 346 800 multum
365 765 544 812 loquaces
564 765 698 800 merito
718 777 850 801 omnes
870 764 1066 811 habemur,
1139 771 1162 802 5

63 828 151 866 Nec
170 835 311 865 mutarn
331 829 504 878 profecto
524 835 710 877 repertam
730 829 846 865 ullam
866 841 948 865 esse

65 892 192 930 Hodie
213 893 346 929 dicunt
367 893 564 929 mulierem
583 893 660 929 ullo
680 893 720 930 in
740 893 882 930 seculo.

64 957 207 993 Verum
228 957 314 1003 hoc,
337 957 461 1002 frater,
482 970 598 993 unum
620 964 746 994 tamen
767 957 947 1007 cogitato,

64 1021 157 1057 Tibi
176 1033 399 1069 proxumam
420 1033 493 1066 me,
514 1021 683 1068 mihique
704 1021 795 1057 item
815 1033 897 1057 esse
917 1028 966 1058 te.

64 1084 115 1121 Ut
143 1097 290 1133 aequorn
320 1092 388 1130 est,
418 1084 519 1132 quod
553 1085 591 1120 in
620 1097 699 1121 rem
732 1097 814 1122 esse
842 1085 992 1134 utrique
1029 1085 1125 1123 arbi-

220 1156 375 1194 tremur,
1142 1160 1183 1192 10

65 1212 115 1249 Et
134 1212 226 1248 mihi
247 1220 295 1258 te,
317 1220 354 1248 et
373 1212 440 1248 tibi
461 1225 520 1249 me
541 1212 741 1249 consulere
761 1220 798 1249 et
817 1225 994 1250 monere:

64 1276 202 1325 Neque
238 1276 435 1313 occultum
473 1276 510 1312 id
548 1276 692 1323 haberi,
726 1289 850 1325 neque
880 1289 948 1326 per
980 1285 1122 1315 metum

221 1341 393 1386 mussari,

64 1403 173 1443 Quin
189 1404 410 1453 participem
427 1404 564 1453 pariter
580 1416 652 1453 ego
673 1411 721 1451 te,
740 1412 777 1441 et
796 1412 835 1442 tu
856 1418 916 1442 me
936 1412 978 1442 ut
992 1405 1120 1443 facias.

67 1468 125 1505 Eo
144 1480 247 1504 nuno
267 1481 338 1517 ego
359 1476 506 1504 secreto
527 1476 564 1504 te
584 1468 659 1505 huc
680 1469 779 1505 foras
798 1470 945 1516 seduxi,

65 1532 117 1569 Ut
137 1539 239 1568 tuam
258 1544 336 1568 rem
353 1544 424 1581 ego
444 1539 572 1568 tecum
593 1531 655 1568 hic
675 1533 848 1580 loquerer
868 1533 1102 1572 familiarem.
1140 1536 1181 1567 15

66 1596 141 1633 Me.
171 1596 232 1632 Da
248 1596 353 1641 mihi,
370 1604 524 1644 optuma
540 1596 706 1643 foemina‚
723 1610 889 1634 manum.
940 1598 1020 1636 Eu.
1046 1598 1121 1636 Ubi

226 1672 270 1696 ea
289 1661 370 1696 est?
399 1661 483 1708 quis
503 1673 546 1697 ea

68 1724 138 1761 Est
168 1736 254 1760 nam
289 1725 468 1773 optuma?
523 1724 597 1761 Me.
636 1725 712 1762 Tu.
769 1725 848 1762 Eu.
887 1726 1003 1764 Tune
1040 1725 1121 1764 ais?

224 1788 298 1825 Me.
329 1788 371 1824 Si
391 1800 520 1838 negae,

69 1851 191 1902 Nego.
247 1851 326 1889 Eu.
355 1852 478 1889 Decet
497 1860 534 1889 te
552 1853 727 1901 equidem
747 1865 835 1891 vera
851 1854 1036 1904 proloqui.

70 1914 171 1953 Nam
191 1922 345 1965 optuma
362 1916 467 1954 nulla
483 1923 606 1966 potest
625 1917 714 1967 eligi
731 1931 737 1954 :
769 1917 842 1956 alia
861 1918 934 1956 alia
