1277 2193
73 122 120 158 12
553 127 780 157 PROLOGUS

149 226 249 263 Eant
266 239 331 276 per
351 234 467 264 totam
488 239 653 273 caveam,
675 225 973 276 spectatoribus:

149 291 190 327 Si
211 292 273 327 cui
294 292 458 328 fautores
477 292 669 341 delegatos
688 291 863 337 viderint,

147 355 197 392 Ut
218 356 275 393 his
295 356 333 392 in
354 357 468 393 caveai
486 356 623 405 pignus
643 356 839 404 capiantur
858 362 968 404 togae.

149 420 236 456 Sive
257 421 320 469 qui
342 421 544 457 ambissent
563 421 724 469 palmam
745 420 1012 465 histrionibus;

87 491 128 523 70
148 485 223 521 Seu
245 485 421 533 cuiquam
443 485 590 531 artifici,
612 497 677 521 seu
696 497 761 534 per
782 485 940 533 scriptas
959 484 1100 530 literas,

147 549 235 586 Sive
255 549 318 598 qui
339 550 409 598 ipsi
431 548 646 595 ambissent,
668 562 734 586 seu
753 562 819 598 per
840 548 1128 595 internuntium,

146 613 235 649 Sive
256 614 348 650 adeo
369 614 496 649 aediles
514 614 714 662 perfidiose
734 613 822 662 quoi
843 613 965 659 duint,

146 677 335 726 Sirempse
355 677 475 726 legem
492 677 602 726 jussit
622 690 703 714 esse
723 677 917 726 Juppiter3

143 741 267 780 Quasi
288 742 546 791 magistratum
567 741 637 777 sibi
659 742 811 778 alterive
832 741 1038 779 ambiverit.

85 813 125 843 75
144 806 307 852 Virtute,
329 806 434 852 dixit,
455 819 520 842 vos
540 806 701 842 victores
721 806 857 852 vivere,

143 870 234 906 Non
256 871 472 916 ambitione,
493 883 616 918 neque
635 870 802 919 perfidia.
855 869 938 909 Qui
959 870 1086 907 minus

144 934 289 972 Eadem
309 935 481 971 histrioni
502 935 548 971 sit
568 935 639 980 lefx',
661 948 743 983 quae
764 947 911 971 summo
931 935 1037 972 viro?

144 1000 295 1036 Virtute
316 1000 457 1036 ambire
477 1007 634 1048 oportet,
655 1012 731 1035 non
753 999 983 1035 favitoribus.

145 1065 212 1100 Sat
231 1064 342 1100 habet
363 1064 559 1100 favitorum
580 1076 739 1112 semper,
760 1064 824 1112 qui
843 1070 947 1100 recte
967 1063 1080 1099 facit:

84 1134 124 1165 80
145 1129 185 1166 Si
207 1129 279 1165 illis
298 1129 390 1164 fides
410 1136 477 1173 est,
501 1129 636 1176 quibus
657 1136 711 1164 est
731 1141 776 1164 ea
794 1141 853 1164 res
874 1128 912 1164 in
932 1141 1057 1165 manu.

144 1193 230 1229 Hoc
253 1204 401 1241 quoque
421 1193 532 1228 etiam
554 1192 645 1227 mihi
667 1192 704 1227 in
724 1191 909 1227 mandatis
929 1190 1045 1237 dedit,

142 1257 193 1294 Ut
213 1257 488 1304 conquisitores
508 1256 640 1292 fierent
660 1255 919 1301 histrionibus,

141 1322 224 1362 Qui
242 1322 313 1358 sibi
334 1320 585 1366 mand-assent,
607 1320 769 1370 delegati
789 1326 831 1356 ut
848 1319 1095 1369 plauderent3

141 1387 283 1432 Quive,
305 1398 379 1434 quo
397 1386 563 1434 placeret
584 1385 686 1431 alter,
708 1385 897 1431 fecissent,
918 1384 1056 1431 minus,

84 1454 125 1485 85
144 1451 211 1488 Eis
231 1457 450 1487 ornamenta
470 1457 506 1486 et
527 1449 671 1486 corium
692 1449 746 1485 uti
767 1449 1021 1486 conciderent.

143 1516 277 1553 Mirari
297 1515 413 1552 nolim
433 1527 511 1560 vos,
533 1520 758 1562 quapropter
778 1513 952 1562 Juppiter

143 1580 260 1617 Nunc
281 1580 480 1616 histriones
500 1586 615 1615 curet.
672 1577 734 1615 Ne
753 1578 953 1615 miremini.

143 1646 228 1695 Ipse
248 1646 346 1681 hanc
367 1645 547 1681 acturu'st
566 1643 739 1692 Juppiter
759 1643 1005 1680 Comoediam.

141 1710 251 1750 Quid
271 1709 442 1745 admirati
462 1709 577 1745 estis?
607 1708 711 1756 quasi
732 1720 820 1744 vero
838 1720 978 1744 novum

84 1780 125 1812 90
144 1774 261 1812 Nunc
278 1774 501 1822 proferatur,
523 1773 546 1809 J
549 1785 656 1809 ovem
677 1773 800 1810 facere
819 1771 1064 1809 histrioniam.

143 1838 271 1877 Etiam
291 1837 490 1874 histriones
512 1849 609 1874 anno
628 1849 716 1874 cum
737 1837 774 1873 in
793 1836 992 1886 proscenio
1010 1835 1074 1874 hio

143 1902 278 1941 Jovem
298 1902 534 1950 invocarunt,
555 1901 677 1940 venit:
708 1901 847 1940 auxilio
866 1900 921 1939 eis
940 1900 1020 1939 fuit.
