1277 2193
299 136 568 166 AMPHITRUO.
610 136 691 164 Am.
714 135 766 165 1v.
795 135 895 164 Sem.
917 134 944 164 2.
1170 126 1217 164 71

88 235 246 285 Aperite
267 236 351 272 hoc.
404 235 524 281 Heus,
542 236 673 285 eequis
688 235 751 272 hio
770 236 852 272 est?
909 232 1054 284 Ecquis
1068 233 1142 270 hoc

248 301 365 350 aperit
385 301 523 337 ostium
536 302 549 337 ’ἶ

494 502 657 536 SCENA
698 502 741 535 II.

343 626 594 663 Mmmmms.
636 627 894 663 AMPHITRUO.

142 756 216 792 Me.
246 755 352 795 QUIS
374 756 419 792 ad
441 755 532 792 soris
550 757 631 792 est?
688 755 772 791 Am.
804 755 889 804 Ego
918 766 1011 790 sum.
1069 752 1144 790 Me.

247 820 369 865 Quid,
399 833 469 870 ego
499 822 610 856 sum?
667 820 751 856 Am.
782 819 841 855 Ita
868 819 1011 867 loquor.
1068 817 1143 854 Me.

248 884 341 921 Tibi
363 884 534 933 Juppiter

91 947 218 997 Dique
251 961 382 985 omnes
417 949 501 985 irati
539 956 643 986 certo
676 955 775 994 sunt,
810 948 873 996 qui
907 948 963 984 sic
996 947 1147 997 frangas

250 1014 356 1050 fores.

93 1077 176 1114 Am.
217 1077 310 1116 Quo
344 1078 483 1114 modo?
548 1078 622 1114 Me.
654 1078 712 1114 Eo
745 1077 871 1122 modo,
905 1083 946 1113 ut
976 1076 1149 1125 profecto

250 1142 351 1178 vivas
372 1149 518 1178 aetatem
540 1142 662 1178 miser.

93 1206 178 1242 Am.
220 1207 339 1242 Sosia.
406 1207 480 1242 Me.
521 1206 580 1243 Ita
612 1220 693 1242 sum
724 1206 846 1252 Sosia,
877 1205 949 1242 nisi
978 1218 1038 1242 me
1067 1217 1150 1242 esse

250 1271 410 1306 oblitum
430 1270 631 1307 existimas.

91 1335 201 1374 Quid
231 1348 334 1371 nuno
365 1335 446 1371 vis?
512 1334 596 1371 Am.
633 1336 815 1381 Seeleste,
849 1343 884 1372 at
915 1335 1027 1372 etiam
1058 1334 1150 1384 quid

250 1400 374 1446 velim,
396 1400 434 1436 id
454 1409 493 1436 tu
515 1413 574 1436 me
594 1413 703 1450 rogas
716 1401 729 1436 ’ἔ
1166 1397 1187 1428 5

95 1463 168 1499 Me.
212 1463 270 1500 Ita
305 1477 408 1514 rogo.
491 1464 594 1501 Pene
630 1465 823 1514 effregisti,
858 1465 972 1510 fatue,
1007 1464 1150 1501 foribus

253 1529 436 1566 cardines.

96 1592 160 1628 An
181 1592 270 1628 foris
291 1594 471 1630 censebas
492 1594 601 1630 nobis
620 1594 824 1643 publicitus
844 1593 1073 1643 prteberier'!

95 1656 204 1696 Quid
233 1669 292 1693 nie
322 1665 503 1706 aspectas,
532 1659 692 1695 stolide?
722 1658 811 1707 quid
839 1671 942 1695 nunc
970 1658 1026 1695 vis
1053 1657 1149 1696 tibi?
1195 1698 1198 1702 ,

256 1729 318 1758 aut
336 1723 419 1771 quis
438 1730 478 1759 tu
499 1735 551 1769 es,
573 1723 713 1759 homo?

97 1785 182 1823 Am.
213 1786 396 1831 Verbero,
428 1787 541 1823 etiam
574 1787 657 1835 quis
687 1800 759 1837 ego
788 1787 859 1824 sim
888 1800 950 1825 me
981 1787 1148 1839 rogitas?

253 1850 440 1887 ulmorum
462 1851 672 1888 acheruns?

97 1914 227 1955 Quem
254 1914 315 1963 pol
345 1927 416 1965 ego
445 1915 558 1952 hodie
577 1917 626 1953 ob
646 1916 777 1954 isthaee
796 1916 898 1955 dicta
923 1916 1060 1956 faciam
1079 1916 1151 1958 fer-

255 1986 402 2017 ventem
424 1979 559 2030 flagris.
1166 1983 1207 2017 10
