1277 2193
304 84 564 114 AULULARIA.
607 86 688 114 Aer.
710 85 733 114 1.
761 85 862 114 Sem.
883 85 910 112 2.
1137 74 1208 112 101

484 255 646 289 SCENA
678 255 722 288 ll.

392 377 555 415 Eueno.
596 379 822 417 STAPHYLA.

137 505 209 543 Eu.
243 505 364 544 NUNC
398 506 581 544 defaecato
615 507 767 544 demum
801 506 927 543 animo
959 506 1133 557 egredior

235 570 360 616 domo,

78 633 282 682 Postquam
302 634 474 683 perspexi
495 634 595 672 salva
615 647 697 671 esse
717 635 818 671 intus
838 634 976 671 omnia.

79 697 182 735 Redi
219 711 322 735 nunc
355 699 433 747 jam
467 699 578 745 intro,
615 706 726 747 atque
763 699 865 736 intus
901 711 1017 736 serva.
1074 698 1133 736 St.

234 762 423 811 Quippini

78 825 163 876 Ego
184 826 285 862 intus
304 838 446 863 servem
464 839 471 863 :
503 839 548 863 an
569 839 618 863 ne
638 826 721 874 quis
742 827 840 863 aedes
862 826 1031 863 auferat?

78 890 180 926 Nam
201 890 263 927 hic
285 890 382 940 apud
402 903 470 927 nos
490 891 582 927 nihil
603 898 659 927 est
680 891 782 928 aliud
802 891 934 939 quaesti
955 890 1123 928 furibus:
1154 896 1176 928 5

78 953 138 991 Ita
158 954 294 990 inaniis
315 962 401 990 sunt
420 955 579 1003 oppletae
601 964 713 1003 atque
734 955 890 992 araneis.

86 1017 157 1054 Eu.
189 1017 330 1054 Mirum
360 1018 451 1066 quin
470 1026 535 1055 tua
554 1032 657 1055 nunc
678 1031 738 1056 me
767 1032 882 1056 causa
911 1019 1026 1057 faciat
1045 1019 1138 1070 Jup-

237 1089 334 1130 p1ter

82 1146 296 1195 Philippum
318 1159 444 1196 regem
467 1154 529 1183 aut
549 1147 721 1193 Darium,
742 1148 971 1185 trivenefica.

83 1211 256 1247 Araneas
274 1211 367 1246 mihi
388 1223 459 1260 ego
480 1211 561 1247 illas
581 1212 720 1248 servari
740 1212 836 1249 volo.

82 1275 230 1324 Pauper
250 1287 346 1321 sum,
368 1275 498 1321 fateor,
519 1276 663 1324 patior:
694 1276 794 1324 quod
815 1276 853 1313 di
874 1276 964 1313 dant
984 1277 1074 1313 fero.
1159 1285 1199 1317 10

85 1339 162 1375 Abi
182 1339 294 1385 intro,
315 1339 476 1376 occlude
493 1339 659 1388 januam.
718 1340 804 1377 Jam
825 1353 897 1390 ego
917 1340 980 1377 hic
999 1354 1074 1377 ero.

87 1403 190 1440 Cave
208 1415 421 1451 quenquam
443 1403 607 1439 alienum
628 1404 666 1440 in
688 1404 779 1441 aedis
801 1405 1062 1442 intromiseris,

86 1466 205 1506 Quod
225 1467 409 1515 quispiam
430 1467 555 1516 ignem
576 1476 729 1515 quaerat,
751 1469 919 1518 extingui
939 1469 1045 1506 volo:

90 1530 153 1568 Ne
175 1543 299 1567 causae
319 1530 408 1578 quid
429 1531 489 1576 sit,
511 1531 612 1579 quod
631 1539 668 1569 te
688 1533 886 1581 quisquam
907 1533 1088 1581 quaeritet.

91 1594 192 1632 Nam
212 1595 242 1631 si
263 1594 360 1644 ignis
380 1594 489 1640 vivet,
511 1602 550 1631 tu
571 1595 791 1645 extinguere
811 1597 1035 1645 extempulo.
1162 1609 1202 1640 15

91 1659 195 1697 Tum
217 1671 350 1706 aquam
371 1659 560 1708 aufugisse
580 1659 710 1706 dicito,
731 1660 762 1696 si
782 1661 865 1709 quis
883 1668 995 1710 petet.

93 1723 282 1768 Cultrum,
302 1722 478 1768 securim,
499 1722 692 1771 pistillum,
713 1725 947 1772 mortarium,

94 1787 196 1827 Quae
216 1786 355 1823 utenda
374 1799 461 1823 vasa
480 1799 624 1835 semper
644 1787 760 1824 vicini
780 1795 927 1839 rogant,

95 1850 218 1888 Fures
237 1850 397 1904 venisse,
419 1857 528 1899 atque
549 1851 745 1889 abstulisse
764 1852 890 1891 dicito.

97 1913 273 1954 Profecto
292 1914 331 1952 in
350 1915 449 1952 aedes
468 1927 570 1953 meas
590 1927 649 1953 me
670 1916 823 1955 absente
841 1917 1033 1956 neminem
1164 1931 1206 1964 20

411 1978 436 2016 9
449 1978 470 1999 ἠῢ
