1277 2193
269 137 522 166 AULULARIA.
562 137 642 165 Aer.
664 136 705 165 11.
733 136 833 165 Sem.
853 136 880 163 3.
1106 126 1181 164 119

51 237 191 282 Caros3
223 237 398 286 agninam
419 249 558 283 caram,
580 249 706 273 caram
724 235 918 280 bubulam,

51 301 274 346 Vitulinam‚
296 309 434 347 cetum,
455 302 673 350 porcinam3
704 313 792 337 cara
811 299 959 336 omnia:
1119 296 1140 327 5

51 366 179 414 Atque
199 378 244 402 eo
261 366 411 402 fuerunt
431 366 589 411 cariora,
611 378 661 402 aes
680 377 756 401 non
777 370 865 401 erat.

53 430 164 466 Abeo
184 430 299 466 iratus
319 430 437 476 illinc,
458 430 636 478 quoniam
655 429 748 465 nihil
769 436 825 465 est
845 427 908 477 qui
929 438 1063 464 emam.

52 492 109 530 Ita
130 493 202 530 illis
224 494 378 542 impuris
398 495 573 530 omnibus
595 493 669 530 adii
690 505 854 529 manum.

53 557 202 594 Deinde
222 566 372 606 egomet
391 571 541 594 mecum
561 558 728 607 cogitare
750 557 844 593 iuter
864 556 945 592 vias

53 622 223 670 Occepi:
255 623 348 659 festo
369 623 429 659 die
449 623 479 659 si
500 623 590 670 quid
610 621 842 671 prodegeris,
1123 620 1164 651 10

53 686 224 722 Profesto
244 699 355 735 egere
373 687 499 732 liceat,
521 687 593 722 nisi
612 686 837 735 peperceris.

54 750 258 798 Postquam
278 751 375 786 hanc
395 751 575 787 rationem
598 750 702 787 cordi
723 749 919 797 ventrique
937 747 1052 794 edidi,

55 814 231 850 Accessit
252 814 398 850 animus
419 814 463 850 ad
483 826 605 850 meam
626 808 866 859 sententiam,

53 877 182 917 Quam
205 878 360 914 minimo
381 885 532 927 sumptu
551 878 665 914 filiam
686 885 728 914 ut
746 884 905 927 nuptum
925 876 1066 913 darem.

54 941 171 978 Nunc
191 942 380 978 tusculum
401 943 488 987 emi,
510 950 547 979 et
566 943 679 979 hasce
700 954 860 978 coronas
880 941 1036 977 floreas:
1125 942 1164 974 15

57 1005 153 1042 Haec
174 1007 411 1054 imponentur
432 1006 470 1042 in
492 1006 577 1042 foco
596 1014 725 1042 nostro
745 1005 847 1051 Lari,

56 1070 106 1106 Ut
127 1070 333 1106 fortunatas
354 1070 467 1106 saciat
487 1077 608 1119 gnatae
630 1070 791 1118 nuptias.

58 1134 134 1170 Sed
155 1134 243 1181 quid
264 1146 334 1183 ego
356 1141 499 1182 apertas
520 1134 618 1170 aedes
638 1141 785 1169 nostras
804 1132 1031 1182 conspicor?

57 1197 107 1234 Et
136 1198 312 1246 strepitus
342 1205 398 1234 est
431 1198 542 1234 intus.
599 1197 794 1233 Numnam
825 1209 896 1246 ego
926 1196 1108 1246 compilor

214 1262 326 1298 miser
340 1263 352 1297 Ἰ

61 1326 124 1363 Co.
154 1325 292 1362 Aulam
314 1326 492 1375 majorem
512 1326 543 1362 si
561 1333 681 1374 potes,
701 1325 843 1362 vicini&
1125 1330 1167 1361 20

59 1389 172 1426 Pete:
202 1390 283 1426 haec
303 1397 358 1427 est
376 1403 500 1439 parva,
522 1394 655 1438 c'apere
680 1402 755 1426 non
777 1390 866 1439 quit.
923 1389 1001 1427 Eu.
1032 1390 1108 1427 Hei

215 1454 321 1500 mihi,

62 1517 163 1555 Perii
185 1518 331 1554 hercle!
364 1531 496 1555 aurum
516 1518 670 1567 rapitur,
693 1518 777 1554 aula
797 1519 985 1567 quaeritur.

62 1582 255 1618 Nimirum
287 1582 454 1629 occidor,
487 1583 562 1619 nisi
599 1595 669 1632 ego
707 1583 805 1619 intro
841 1582 923 1635 huc·
951 1595 1110 1633 propere

217 1658 376 1695 propero
397 1659 559 1683 currere.

63 1710 215 1760 Apollo,
236 1722 375 1758 quaeso,
396 1710 552 1747 subveni
573 1710 678 1757 mihi,
701 1717 812 1759 atque
832 1710 986 1760 adjuva:

63 1774 224 1824 Confige
242 1774 386 1823 sagittis
406 1773 506 1810 fures
525 1774 797 1811 thesaurarios:
1125 1780 1168 1812 25

64 1838 140 1876 Cui
160 1838 198 1874 in
217 1850 257 1874 re
276 1838 341 1874 tali
356 1838 432 1887 jam
453 1838 659 1875 subvenisti
680 1838 867 1876 antidhac.

65 1902 141 1940 Sed
161 1914 268 1940 cesso
286 1902 390 1952 prius
409 1915 519 1951 quam
538 1915 691 1952 prorsus
708 1903 816 1953 perii,
836 1903 1014 1941 currere?
