1277 2193
296 120 568 149 AMPHITRUO.
609 121 691 149 AcT.
713 120 737 148 Ι.
764 120 865 149 Sem.
886 121 914 149 3.
1152 112 1205 152 37

464 289 627 323 SCENA
668 288 729 322 III.

201 411 409 450 JUPP1TER.
451 412 692 449 ALCUMENA.
737 411 992 449 MERCURmS.

121 541 186 579 ch.
226 541 340 578 Bam:
362 541 458 586 vale,
480 541 716 577 Alcumena:
748 553 840 577 cura
858 553 938 577 rem
958 551 1128 576 commu-

228 618 328 651 nem,
350 606 449 654 quod
473 605 576 642 facis.

71 671 199 719 Atque
232 671 411 719 imperce,
447 683 599 718 quaeso:
644 682 793 706 meuses
825 670 903 719 jam
942 668 1012 706 tibi
1044 681 1128 706 esse

231 742 335 771 actos
355 735 471 771 vides.

71 799 171 836 Mihi
208 811 365 835 necesse
403 806 459 835 est
497 798 551 835 ire
588 798 703 835 hino:
751 810 881 834 verum
918 797 1020 847 quod
1057 796 1128 834 erit

227 870 371 910 natum,
392 863 524 900 tollito.

69 928 134 965 Al.
172 928 282 968 Quid
311 928 410 964 istud
440 936 507 974 est,
530 928 581 964 mi
602 928 669 974 vir,
691 928 847 978 negotii,
870 927 971 976 quod
990 934 1031 964 tu
1051 933 1129 964 tam

227 993 353 1029 subito
373 993 486 1029 domo

71 1057 224 1094 Abeas?
280 1057 344 1092 ch.
384 1056 543 1104 Edepol,
565 1056 665 1093 haud
695 1056 795 1104 quod
824 1056 880 1092 tui
909 1068 983 1102 me,
1003 1068 1129 1104 neque

228 1121 345 1167 domi,
367 1121 583 1158 distaedeat:
1144 1123 1167 1156 5

71 1186 148 1223 Sed
177 1186 242 1222 ubi
271 1199 440 1222 summus
470 1185 674 1234 imperator
698 1199 774 1223 non
796 1186 900 1224 adest
920 1186 966 1223 ad
986 1185 1129 1223 exerei-

227 1257 327 1295 tum,v

72 1315 208 1361 Citius,
230 1315 331 1363 quod
360 1327 437 1351 non
468 1314 567 1351 sacto
594 1316 640 1351 'st
672 1328 776 1361 usus,
807 1315 860 1361 fit,
882 1328 995 1364 quam
1025 1315 1129 1364 quod

228 1379 328 1415 facto
349 1380 394 1415 'st
414 1391 518 1427 opus.

71 1443 145 1480 Me.
185 1443 311 1480 Nimis
331 1443 393 1479 hic
414 1443 531 1480 scitus
551 1450 607 1480 est
626 1443 869 1493 sycophanta,
886 1444 952 1493 qui
972 1444 1128 1493 quidem

230 1520 336 1544 meus
356 1508 403 1544 sit
422 1515 539 1556 pater.

74 1572 336 1618 Observatote,
357 1585 469 1620 quam
489 1572 627 1609 blande
646 1572 795 1609 mulieri
812 1573 1037 1622 palpabitur.

73 1636 138 1673 Al.
178 1636 352 1682 Ecastor,
382 1649 422 1672 re
451 1636 635 1684 experior,
665 1637 796 1685 quanti
826 1637 943 1675 facias
970 1649 1127 1676 uxorem

231 1707 345 1736 tuam.
1145 1702 1186 1736 10

72 1765 137 1802 Ju.
172 1764 290 1801 Satin’
321 1765 449 1811 habes,
480 1765 511 1801 si
540 1765 778 1803 foeminarum
805 1767 911 1804 nulla
939 1767 986 1804 ’st
1012 1778 1128 1817 quam

231 1841 337 1878 aeque
357 1829 539 1879 diligam?

74 1893 148 1932 Me.
187 1893 348 1943 Edepol,
364 1907 421 1931 nae
439 1893 502 1932 illa
521 1894 552 1932 si
573 1895 653 1933 istis
672 1896 784 1934 rebus
803 1902 840 1935 te
859 1896 955 1936 sciat
972 1907 1127 1947 operam

231 1958 334 2005 dare,

233 2034 255 2058 P
389 2023 412 2059 4
