1277 2193
66 76 139 114 106
356 83 617 113 AULULARIA.
658 85 740 113 Aer.
763 84 802 113 11.
831 84 931 113 scm.
953 84 979 112 2.

141 180 219 219 Eu.
250 181 300 219 Et
327 189 381 229 tu,
403 183 525 220 frater.
583 183 656 220 Me.
687 183 772 234 Ego
800 183 1023 221 conveniam
1043 182 1198 220 Euclio⁴

300 259 400 293 nem,
422 250 452 284 si
474 248 576 284 domi

83 308 124 339 55
143 309 221 348 Est.
279 311 357 348 Sed
385 324 531 348 eccum.
588 311 734 349 Nescio
761 312 863 349 unde
891 324 973 349 sese
1001 312 1114 349 homo
1141 322 1197 348 re-

301 375 393 425 cipit
413 376 577 413 domum.

547 576 708 610 SCENA
749 576 791 609 Π.

435 699 599 736 Eueno.
641 698 903 736 MEGADORUS.

196 826 275 864 Eu.
305 826 574 864 PRAESAGmAT
595 827 686 863 mihi
709 827 868 873 animus,
889 827 1026 863 frustra
1050 839 1110 864 me
1130 827 1197 874 ire,

301 903 415 939 quom
436 891 583 928 exibam
603 891 727 928 domo,

144 954 278 1003 Itaque
317 955 465 991 abibam
499 955 649 991 invitus.
706 954 808 991 Nam
841 966 964 1003 neque
1001 954 1201 1003 quisquam

302 1018 513 1055 Curialium

143 1082 274 1130 Venit,
303 1095 426 1131 neque
455 1082 645 1132 magister,
667 1095 779 1131 quem
808 1083 975 1120 dividere
1004 1090 1200 1133 argentum

303 1147 479 1196 oportuit.

143 1211 262 1248 Nunc
295 1211 449 1246 domum
480 1223 680 1259 properare
711 1223 892 1258 propero:
931 1223 1019 1247 nam
1051 1219 1201 1260 egomet

301 1287 383 1310 sum
403 1273 487 1310 hie:
519 1274 666 1310 animus
686 1273 787 1309 domi
808 1281 874 1310 est.

105 1339 126 1369 5
144 1338 219 1375 Me.
252 1337 386 1374 Salvus
407 1344 517 1385 atque
537 1337 762 1382 fortunatus,
780 1337 930 1382 Euclio,
948 1350 1094 1387 semper
1113 1339 1200 1380 sies,

144 1401 223 1439 Ειι.
253 1400 356 1438 Dite
374 1408 510 1446 ament,
529 1400 746 1450 Megadore.
804 1400 877 1437 Me.
903 1401 1011 1440 Quid
1029 1403 1095 1438 tu'?
1121 1415 1201 1440 ree-

301 1467 375 1502 ten'
399 1472 509 1513 atque
529 1472 569 1501 ut
589 1465 643 1500 vis
663 1465 789 1501 vales?

145 1529 224 1566 Eu.
255 1529 345 1566 Non
365 1529 606 1565 temerarium
627 1536 696 1572 est,
712 1528 776 1564 ubi
797 1528 900 1565 dives
921 1529 1056 1566 blande
1078 1531 1199 1579 appel-

301 1593 353 1629 lat
371 1605 584 1642 pauperem.

146 1656 232 1693 Jam
253 1657 332 1694 illio
351 1657 464 1693 homo
486 1669 617 1692 aurum
638 1669 697 1693 me
718 1657 789 1693 seit
809 1657 960 1703 habere,
982 1670 1027 1694 eo
1052 1670 1112 1694 me
1142 1670 1196 1696 sa-

303 1720 394 1756 lulat
414 1720 599 1756 blandius.

145 1784 219 1821 Me.
255 1784 344 1820 Ain'
378 1790 417 1819 tu
452 1790 488 1820 te
517 1783 667 1820 valere?
724 1784 800 1821 Ειι.
834 1784 901 1820 Pol
936 1797 1007 1835 ego
1041 1785 1140 1822 haud
1175 1798 1195 1822 a

300 1847 463 1896 pecunia
483 1848 655 1896 perbene.
