1277 2193
288 159 557 189 AMPfflTRuo.
598 161 678 188 Aer.
700 158 723 188 1.
751 159 852 189 scm.
874 159 899 187 1.
1136 148 1185 187 31

60 255 202 295 Nonne
238 257 310 295 hac
345 266 461 295 noctu
499 266 626 297 nostra
662 257 768 296 navis
804 258 881 295 huc
916 269 964 295 ex
997 262 1109 308 portu

218 322 374 359 Persico

61 385 190 433 Venit,
219 400 302 435 quae
330 399 390 424 me
425 387 601 424 advexit?
639 399 767 425 nonne
797 399 859 425 me
893 386 969 424 huc
996 386 1110 424 herus

218 451 320 488 misit
339 453 471 488 meus?

60 512 201 551 Nonne
229 527 300 565 ego
329 528 431 552 nunc
460 516 522 553 hic
542 523 599 553 sto
619 523 704 553 ante
724 515 814 553 aedis
832 516 1005 553 nostras?
1033 527 1110 552 non

219 580 313 616 mihi
333 587 388 616 est
407 580 551 617 laterna
572 581 609 617 in
630 582 769 617 manu?
1127 579 1189 612 25⁰

61 641 152 680 Non
181 644 339 692 loquor?
372 656 449 681 non
477 645 617 694 vigilo?
655 657 732 682 non
761 645 826 682 hic
854 645 969 681 homo
997 643 1112 681 modo

219 720 278 745 me
297 709 434 758 pugnis
454 709 650 745 contudit?

63 770 172 808 Fecit
192 772 338 818 hercle3
368 785 454 810 nam
483 773 596 809 etiam
625 772 763 810 misero
790 774 894 809 nunc'
921 772 1028 823 mflalae
1048 772 1112 810 do-

220 836 310 873 lent.

59 900 170 941 Quid
191 901 304 951 igitur
324 913 395 951 ego
415 900 573 937 dubito?
603 907 666 938 aut
694 913 762 938 cur
790 913 867 938 non
896 901 1044 939 introeo
1071 900 1111 938 in

218 972 384 1002 nostram
405 965 559 1002 domum
574 966 588 1002 'l

63 1029 137 1066 Me.
174 1029 464 1075 Quid‚domum
484 1031 674 1066 vostram?
729 1030 792 1067 So.
830 1029 889 1066 Ita
907 1029 1109 1067 enimvero.

221 1093 294 1129 Me.
332 1093 441 1132 Quin
462 1106 543 1142 quae
564 1093 690 1129 dixisti
711 1093 837 1139 modo,

64 1157 207 1194 Omnia
225 1157 438 1194 ementitus.
496 1157 683 1206 Equidem
699 1157 809 1194 Sosia
824 1156 1112 1206 Amphitruonis

222 1234 315 1258 sum.
1128 1228 1191 1260 255

65 1285 165 1323 Nam
193 1293 309 1322 noctu
338 1286 410 1322 hac
438 1285 560 1322 soluta
588 1291 644 1322 est
671 1284 776 1322 navis
803 1292 931 1322 nostra
955 1297 977 1322 e
1000 1292 1112 1335 portu

221 1350 397 1387 Persico:

66 1414 116 1452 Et
135 1414 199 1451 ubi
220 1415 367 1451 Pterela
394 1426 459 1450 rex
486 1413 668 1464 regnavit,
689 1413 867 1463 oppidum
887 1413 1113 1464 expugnavi·

222 1491 324 1523 mus;

68 1543 117 1580 Et
137 1543 305 1592 legiones
324 1543 579 1580 Teleboarum
598 1541 633 1578 vi
651 1541 856 1591 pugnando
875 1541 1056 1590 cepimus.

69 1608 118 1645 Et
147 1609 248 1657 ipsus
268 1607 496 1656 Amphitruo
524 1606 761 1643 obtruncavit
779 1617 906 1656 regem
926 1605 1112 1643 Pterelam

227 1672 264 1707 in
283 1671 424 1720 praelio.

70 1737 133 1774 So.
172 1736 334 1786 Egomet
361 1735 454 1771 mihi
480 1746 557 1771 non
585 1734 712 1780 credo,
740 1746 856 1782 quum
884 1733 982 1771 illaec
1010 1740 1115 1772 autu-

225 1812 328 1837 mare
347 1799 451 1836 illum
473 1798 594 1835 audio.
1130 1803 1193 1837 260

73 1864 150 1902 Hic
177 1865 329 1914 quidem
357 1870 472 1908 certe,
492 1874 574 1910 quae
603 1862 681 1899 illic
709 1869 795 1899 sunt
813 1874 874 1900 res
892 1869 1020 1913 gestae,
1039 1874 1115 1900 mo-

228 1935 346 1966 morat
366 1928 590 1965 memoriter.
