1277 2193
51 127 103 164 34
341 132 608 162 AMPHITRUO.
650 133 730 160 Αετ.
752 132 775 161 1.
804 132 902 160 Sem.
926 133 950 160 1.

47 237 109 269 290
127 232 170 269 Si
189 238 335 283 tergum
356 232 635 278 cicatricosam,
657 231 749 268 nihil
771 232 844 268 hoc
863 230 976 268 simili
997 237 1052 267 est
1072 231 1172 268 simi·

281 297 365 333 lius.

126 361 202 398 Sed
232 373 345 409 quom
374 361 514 411 cogito,
535 361 708 409 equidem
738 368 842 397 certo
872 360 972 397 idem
1001 372 1083 397 sum
1109 360 1172 408 qui

281 438 427 474 semper
449 426 511 463 fui.

124 489 226 527 Novi
254 490 406 527 herum:
437 490 523 526 novi
553 489 644 527 aedis
670 496 827 527 nostras.
884 490 985 526 Sane
1012 489 1117 538 sapio
1136 496 1174 526 et

281 555 413 592 sentio.

124 617 216 656 Non
244 631 315 669 ego
344 619 398 655 illi
427 620 644 668 obtempero
673 619 773 668 quod
801 619 986 667 loquitur3
1018 619 1172 667 pultabo

281 684 381 721 foris.

124 749 198 787 Me.
235 748 328 788 Quo
349 748 427 798 agis
448 750 509 785 te?
565 748 626 785 So.
666 748 842 785 Domum.
899 748 972 784 Me.
1007 747 1172 787 Quadri-

278 826 344 863 gas
364 813 395 849 si
415 826 517 849 nunc
539 813 737 849 inscendas
757 813 875 858 Jovis,

43 876 106 909 295
124 877 251 925 Atque
270 876 360 912 hinc
380 876 514 926 fugias,
536 876 587 912 ita
606 875 667 912 vix
693 875 833 924 poteris
862 875 1028 924 effugere
1059 874 1171 911 insor-

278 940 437 977 tunium.

123 1004 184 1041 So.
218 1003 360 1040 Nonne
380 1004 478 1040 herae
498 1016 590 1040 meae
606 1003 801 1049 nunciare,
818 1002 918 1051 quod
934 1003 1046 1039 herus
1065 1014 1170 1039 meus

277 1068 398 1117 jussit,
419 1068 534 1104 licet?

122 1132 196 1170 Me.
236 1132 333 1169 Tuae
365 1132 396 1169 si
429 1132 518 1180 quid
551 1132 606 1168 vis
638 1131 840 1168 nunciare:
875 1132 973 1168 hanc
1004 1140 1170 1167 nostram

281 1197 383 1233 adire
402 1209 478 1232 non
499 1196 629 1232 sinam.

122 1260 224 1297 Nam
251 1260 284 1296 si
312 1272 372 1296 me
405 1259 592 1304 irrimssis,
622 1259 734 1295 hodie
767 1258 1047 1307 lumbifragium
1080 1258 1168 1295 hinc

281 1324 436 1360 auferes.

122 1389 185 1426 So.
215 1389 324 1425 Abeo
339 1388 482 1437 potius:
509 1387 559 1424 Di
578 1387 816 1432 immortales,
833 1387 990 1423 obsecro
1006 1394 1167 1424 vostram

277 1453 410 1489 fidem!

43 1518 104 1550 300
122 1517 197 1555 Ubi
216 1529 287 1567 ego
306 1517 399 1566 perii
412 1518 426 1553 ’ἲ
455 1516 519 1552 ubi
549 1516 765 1552 immutatus
785 1517 893 1551 sum?
922 1516 986 1552 ubi
1007 1529 1077 1566 ego
1098 1517 1168 1553 for-

279 1593 377 1617 mam
396 1580 568 1629 perdidi?

123 1647 186 1683 An
205 1652 354 1695 egomet
377 1658 434 1681 me
456 1645 532 1680 illic
551 1645 697 1692 reliqui,
719 1644 748 1680 si
770 1643 862 1680 sorte
882 1644 1019 1681 oblitus
1039 1644 1117 1681 sui?

122 1710 224 1747 Nam
251 1709 314 1745 hio
342 1709 492 1757 quidem
521 1721 670 1745 omnem
701 1708 901 1758 imaginem
926 1721 1058 1754 meam,
1083 1722 1163 1757 quae

279 1773 436 1810 antehac
457 1773 588 1818 fuerat,
607 1772 782 1821 possidet.

122 1837 220 1875 Vivo
245 1837 297 1883 fit,
318 1837 418 1885 quod
444 1849 635 1885 nunquam
656 1836 852 1885 quisquam
877 1843 1024 1872 mortuo
1050 1836 1163 1873 saciet

276 1900 377 1938 mihi.
