1277 2193
53 109 105 148 30
343 117 610 148 AMPHITRUO.
650 118 731 147 Aer.
752 118 777 147 1.
804 118 905 147 scm«.
928 119 952 146 1.

133 217 196 254 So.
233 217 325 254 Non
352 218 484 267 loquar
511 217 585 255 nisi
611 230 707 268 pace
734 218 846 265 facte,
868 218 1018 267 quando
1041 217 1179 269 pugnis

289 283 373 332 plus
392 283 503 320 vales.

53 346 115 378 235
133 346 207 384 Me.
246 346 390 394 Dicito,
411 347 442 384 si
465 347 555 396 quid
574 347 641 394 vis,
661 359 738 384 non
765 348 924 385 nocebo.
980 349 1044 386 So.
1082 347 1180 386 Tuae

289 412 376 449 fidei
399 412 538 448 oredo?
593 412 666 449 Me.
706 412 815 449 Meae.

133 476 196 513 So.
234 475 356 522 Quid,
385 477 416 513 si
445 476 575 512 falles?
630 476 705 513 Me.
742 477 846 513 Tum
872 477 1088 515 Mercurius
1113 478 1180 515 So-

290 541 353 578 siae
375 541 491 578 iratus
510 541 591 578 siet.

132 604 196 642 So.
235 606 419 642 Animum
458 606 633 642 advorte:
671 618 775 642 nuno
810 606 900 643 licet
935 606 1028 643 mihi
1064 607 1181 644 libere

291 670 439 718 quidvis
458 669 572 718 loqui.

133 734 424 783 Amphitruonis
438 747 510 784 ego
529 747 612 771 sum
627 747 753 772 servos
769 735 889 773 Sosia.
945 735 1019 773 Mc.
1054 735 1181 773 Etiam

290 798 441 835 denuo?

133 862 196 899 So.
233 862 373 900 Pacem
395 863 481 909 feci,
503 863 623 900 foedus
642 863 728 910 feci
745 876 832 901 vera
851 864 949 901 dico.
1004 864 1078 902 Me.
1108 865 1182 902 Va-

289 927 388 977 pula
436 928 505 965 {rm
531 928 568 953 μ
589 928 606 962 J
633 937 686 965 ⁶5>

54 993 116 1025 240
133 992 196 1029 So.
233 991 285 1029 Ut
302 992 419 1039 lubet,
435 992 535 1040 quod
552 992 621 1028 tibi
636 992 741 1029 lubet
760 993 832 1039 fac,
848 992 1027 1042 quoniam
1045 993 1183 1043 pugnis

289 1057 374 1106 plus
393 1056 504 1093 vales.

134 1121 292 1169 Verum,
322 1128 363 1158 ut
394 1128 435 1157 ut
471 1133 511 1157 es
548 1121 727 1167 facturus,
757 1120 832 1157 hoo
867 1121 1020 1169 quidem
1055 1121 1182 1159 hercle

292 1185 391 1221 haud
412 1185 579 1221 reticebo
599 1192 735 1221 tamen.

135 1248 209 1286 Me.
247 1248 311 1285 Tu
340 1261 400 1285 me
427 1248 533 1285 vivus
565 1248 677 1285 hodie
708 1260 901 1297 nunquam
930 1248 1060 1296 facies,
1089 1249 1181 1298 quin

292 1313 361 1350 sim
384 1313 505 1350 Sosia.

136 1377 198 1415 So.
237 1377 352 1414 Certe
387 1376 533 1426 edepol,
570 1383 611 1414 tu
647 1388 708 1414 rne
755 1376 934 1414 alienabis
974 1389 1181 1426 nunquam,

294 1442 383 1491 quin
403 1449 530 1478 noster
550 1441 655 1488 siem,

137 1505 223 1544 Nec
250 1507 360 1543 nobis
386 1513 520 1555 praeter
547 1506 632 1543 med
653 1506 747 1543 alius
765 1506 962 1555 quisquam
982 1513 1039 1543 est
1057 1519 1182 1544 servos

293 1571 415 1617 Sosia,

59 1638 121 1670 245
137 1635 218 1676 Qui
246 1648 334 1672 cum
362 1635 639 1685 Amphitruone
667 1635 757 1673 hino
783 1635 860 1673 una
887 1635 1003 1672 ieram
1022 1635 1061 1672 in
1080 1647 1182 1673 exer-

295 1700 424 1737 citum.

139 1764 213 1802 Me.
252 1763 330 1801 Hic
357 1764 470 1801 homo
498 1776 610 1801 sanus
634 1776 711 1801 non
730 1770 795 1801 est.
852 1763 915 1801 So.
951 1762 1069 1802 Quod
1089 1762 1180 1799 mihi

293 1828 476 1877 praedioas
496 1828 638 1874 vitium,
659 1828 696 1865 id
716 1828 784 1865 tibi
803 1834 869 1865 est.

137 1890 260 1939 Quid,
281 1892 442 1929 malum!
470 1904 547 1931 non
562 1905 644 1931 sum
664 1905 736 1944 ego
754 1904 880 1931 servos
894 1890 1181 1942 Amphitruonis

295 1956 434 1994 Sosia?
