1277 2193
343 134 612 164 AMPHITRUO.
653 134 854 163 svprosrn.
1147 126 1199 164 77

75 233 169 272 Tum
196 247 280 272 vero
307 247 398 271 uxor
426 234 530 280 vitio,
560 239 703 284 stupro,
731 231 902 270 dedecore
927 243 983 269 me
1007 231 1120 283 plena

224 299 356 336 enicat.

66 363 145 401 Sed
161 363 204 401 de
224 363 364 414 paterd
383 364 530 400 miru'st
543 376 556 398 .·
584 367 667 400 erat
692 367 811 399 tamen
831 362 981 411 signum
999 361 1122 411 obsig-

224 433 351 464 natum
365 428 492 477 probe.
1137 424 1178 456 30

68 491 183 536 Quid
198 493 291 529 euim
305 495 321 528 ?
343 504 499 541 pugnas
527 497 721 541 pugnatas
742 491 954 541 prolocuta,
974 496 1010 528 et
1028 490 1122 528 Pte-

223 557 335 593 relam
355 562 626 606 oppugnatam,

66 620 220 658 Nostris
250 622 406 658 occisum
438 621 607 657 manibus
633 620 809 670 fortiter.
867 620 996 658 Atat!
1034 620 1122 657 novi

211 686 296 736 jam
317 686 467 722 ludum:

67 750 119 787 Id
135 749 430 799 Sosioefactu’st
449 749 574 799 operti,
591 750 657 799 qui
675 763 727 787 me
747 750 852 787 hodie
868 763 1009 800 quoque
1022 762 1123 800 prae-

223 820 357 851 sentem
377 815 480 851 ausit

66 878 229 927 Indigne
250 879 486 928 proevortier.
544 879 607 915 So.
644 878 702 916 De
729 892 782 916 me
808 879 965 925 locutus,
985 883 1020 916 et
1039 891 1122 928 quae

223 943 328 979 velim
346 943 477 980 minus.

68 1006 264 1043 Hominem
301 1020 343 1043 ne
383 1007 681 1055 congrediamur,
720 1020 855 1057 quoeso,
895 1007 1122 1057 priusquam

225 1071 448 1107 stomachum
468 1071 655 1108 detexerit.
1138 1077 1180 1108 35

70 1135 125 1172 ΒΙ.
163 1135 211 1172 Ut
233 1135 340 1172 lubet.
398 1135 485 1171 Am.
516 1135 562 1171 Si
589 1135 694 1171 illum
721 1135 838 1172 datur
863 1136 968 1173 hodie
994 1136 1123 1173 masti-

221 1200 327 1247 giam
348 1199 631 1248 apprehendere,
651 1200 840 1236 ostendam
859 1200 954 1250 quid
969 1201 1021 1238 sit

68 1263 215 1301 Herum
223 1263 380 1312 fallere,
401 1264 510 1299 minis
531 1269 565 1299 et
585 1263 679 1300 dolis
699 1264 888 1302 incessere.
946 1265 1010 1302 So.
1040 1265 1122 1302 Au-

225 1328 300 1365 din’
323 1333 363 1364 tu
384 1328 517 1364 illum?
574 1327 629 1364 ΒΙ.
661 1327 800 1365 Audio.

71 1392 134 1429 So.
164 1392 269 1429 Illoec
297 1393 470 1429 machina
497 1405 593 1428 meas
622 1398 752 1430 onerat
771 1394 959 1443 scapulas.
1018 1393 1122 1431 Com-

225 1456 394 1505 pellemus
414 1457 465 1492 sis
486 1456 670 1494 hominem.

72 1520 174 1557 Scin’
197 1520 290 1569 quid
315 1521 426 1569 uulgo
453 1521 530 1557 dici
557 1521 676 1558 solet?
733 1521 788 1558 Bl.
824 1522 934 1566 Quid
947 1522 1120 1560 dicturus

228 1584 293 1629 sis,
314 1585 457 1621 nescio:

78 1648 188 1693 Quid
205 1648 275 1684 tibi
287 1649 527 1697 Ραίὶιιηᾱιιηι,
543 1648 632 1698 fere
651 1651 826 1688 Ιιανὶοἷσν.
884 1652 948 1688 So.
977 1651 1121 1690 Vetu'st

230 1712 422 1761 adagium,
442 1713 576 1750 Fames
597 1719 630 1751 et
649 1728 752 1752 mora
1137 1724 1179 1756 40

72 1777 196 1815 Bilem
225 1778 264 1813 in
292 1790 422 1813 nasum
450 1778 632 1815 conciunt.
689 1779 744 1816 Bl.
775 1779 906 1817 Verum
935 1780 1078 1830 quidem
1103 1796 1121 1819 e

230 1841 304 1878 loeo
323 1841 568 1890 compellemus

74 1905 224 1943 Alacre.
281 1905 518 1955 Amphitruo.
574 1907 660 1944 Am.
690 1907 963 1958 Blepharonem
983 1908 1119 1947 audio.-

231 1969 361 2006 mz‘rum
381 1969 475 2019 quid
492 1970 544 2007 ad
559 1984 611 2008 me
630 1973 765 2009 veniat.

387 2035 411 2071 7
427 2034 448 2054 ᾖ
