1277 2193
20 120 72 160 38
309 126 578 155 AMPHITRUO.
619 126 700 154 Ac‘r.
722 125 745 153 1.
774 126 874 154 Sem.
895 125 922 154 3.

100 225 186 276 Ego
218 225 331 263 faxim
362 232 398 262 te
429 224 746 274 Amphitruonem
778 237 858 261 esse
889 223 1009 269 malis,
1041 235 1150 272 quam

258 290 403 327 Jovem.

100 354 165 391 Al.
205 353 378 403 Experiri
409 354 505 391 istuc
534 354 731 391 mavellem
758 366 832 400 me,
858 365 970 402 quam
998 351 1049 388 mi
1079 363 1154 388 me-

258 419 448 456 morarier.

44 485 83 516 15
102 483 212 520 Prius
241 484 321 520 abis
350 496 462 532 quain
490 483 625 529 lectus,
655 483 720 519 ubi
753 482 933 528 cubuisti,
962 480 1155 518 concaluit

258 548 377 584 locus.

102 611 207 649 Here
238 612 371 649 venisti
404 612 530 649 media
558 619 683 658 nocte,
714 624 818 648 nunc
854 610 960 648 abis:
992 607 1155 646 hoccine

258 677 382 726 placet
394 678 408 714 ’.Ρ

102 741 176 778 Me.
217 742 427 788 Accedam,
446 749 556 790 atque
576 743 675 778 hanc
696 741 903 790 appellabo,
926 746 962 775 et
982 751 1158 787 suppara-

262 807 402 842 sitabor
423 807 529 855 patri.

103 870 311 919 Nunquam
332 871 463 920 edepol
485 882 710 919 quemquam
737 869 932 905 mortalem
953 867 1067 904 credo
1087 879 1158 916 ego

262 947 416 971 uxorem
438 947 542 971 suam
995 930 997 932 ¹

104 999 171 1036 Sic
201 999 370 1036 efflictim
403 1011 540 1045 amare,
571 998 730 1048 proinde
760 1004 801 1034 ut
831 997 893 1033 hic
923 1004 960 1033 te
990 996 1158 1032 efflictim

262 1063 417 1112 deperit.

46 1131 87 1162 ΞΟ
103 1127 167 1164 .Ῑιι.
195 1127 401 1174 Carnufex,
418 1140 494 1164 non
511 1139 582 1177 ego
596 1134 634 1164 te
650 1126 762 1163 novi?
793 1126 890 1163 abin'
909 1138 929 1162 e
950 1131 1158 1173 conspectu

262 1205 359 1229 meo.

105 1256 214 1297 Quid
234 1257 301 1292 tibi
322 1257 420 1292 hanc
441 1255 586 1292 curatio
607 1262 662 1291 est
682 1267 773 1300 rem,
790 1254 959 1297 werhem,
982 1259 1044 1289 aut
1064 1259 1160 1288 mut-

263 1320 377 1357 titio?

105 1385 214 1426 Quoi
250 1397 323 1435 ego
355 1385 432 1434 jam
471 1384 543 1420 hoc
581 1383 762 1432 scipione.
832 1382 897 1418 Al.
941 1382 1026 1418 Ah!
1069 1382 1158 1418 noli.

263 1449 328 1486 Ja.
359 1449 516 1485 Muttito
536 1448 658 1484 modo.

108 1515 183 1552 Me.
222 1513 407 1562 Nequiter
427 1525 522 1562 pene
542 1512 729 1561 expedivit
747 1511 867 1560 prima
886 1511 1115 1560 parasitatio.

108 1579 173 1615 Ju.
211 1579 356 1615 Verum
377 1578 476 1626 quod
497 1584 536 1614 tu
556 1577 665 1622 dicis,
686 1589 769 1612 mea
788 1588 893 1621 uxor,
914 1588 991 1612 non
1013 1582 1048 1612 te
1068 1575 1160 1611 mihi

269 1642 380 1679 irasci
402 1642 521 1678 decet.

52 1714 94 1748 25
112 1706 341 1745 Clanculum
371 1705 444 1742 abii
467 1718 487 1742 a
505 1705 675 1755 legione:
706 1717 857 1753 operam
878 1704 975 1740 hanc
998 1702 1160 1752 surripui

267 1770 358 1807 tibi:

113 1835 173 1874 Ex
191 1848 251 1873 me
269 1834 392 1884 primo
411 1835 532 1884 prima
551 1833 682 1880 scires,
698 1845 777 1870 rem
797 1840 836 1870 ut
856 1832 1055 1883 gessissem
1070 1831 1162 1881 pub—

269 1899 393 1937 licam.
