1277 2193
389 136 433 166 IN
461 136 822 166 AMPfflTRUoNEM.
1157 129 1202 166 11

76 235 178 275 Nam
198 236 287 286 quid
307 249 378 287 ego
398 249 616 284 memorem,
637 244 678 274 ut
698 236 791 274 alios
812 236 849 273 in
868 235 1062 285 tragoediis

76 301 180 348 Vidi,
201 302 436 351 Neptunum,
457 302 661 347 Virtutem,
681 301 906 346 Victoriam,

77 365 256 413 Mortem,
278 366 487 412 Bellonam,
508 378 805 402 commemorare
825 379 908 414 quae
928 366 1028 402 bona

77 431 198 467 Vobis
218 431 420 467 fecissent?
449 430 533 479 quis
553 430 760 467 benefactis
779 442 886 466 meus
903 437 1023 479 pater,

77 495 246 532 Deorum
266 502 454 545 regnator,
477 495 706 531 architectus
726 495 912 532 omnibus.
1146 496 1188 527 45

78 560 155 597 Sed
174 572 255 596 mos
274 572 467 608 nunquam
489 559 567 596 illic
588 559 656 595 fuit
675 559 769 608 patri
790 571 888 605 meo,

76 624 128 661 Ut
147 624 389 673 exprobraret
408 624 509 672 quod
529 624 638 660 bonis
658 624 798 660 faceret
818 623 918 660 boni.

77 689 237 725 Gratum
257 689 456 725 arbitratur
476 700 558 725 esse
578 688 615 724 id
637 701 656 724 a
675 688 780 724 vobis
800 688 884 734 sibj,

79 752 294 802 Meritoque
313 753 419 789 vobis
438 753 538 789 bona
556 765 596 789 se
616 753 741 789 facere
760 765 843 801 qua}
864 753 964 789 facit.

77 817 196 854 Nunc
225 830 337 866 quam
368 830 445 854 rem
471 824 618 853 oratum
644 817 719 853 huc
744 816 843 863 veni,
863 817 1027 866 primum
1046 829 1131 867 pro-

234 882 386 930 loquar:
1148 886 1190 917 50

78 946 169 983 Post
190 954 449 996 argumentum
471 946 581 995 hujus
601 946 754 994 eloquar
773 946 1002 996 Tragoediae.

78 1011 188 1050 Quid
209 1011 447 1047 contraxistis
467 1011 626 1048 frontem
638 1012 652 1047 ’ἶ
682 1011 771 1059 quia
790 1011 1036 1061 Tragoediam

81 1074 171 1111 Dixi
193 1075 355 1111 futuram
376 1075 499 1111 hanc?
529 1075 634 1111 Deus
654 1088 758 1111 sum:
789 1083 1071 1112 commutavero

82 1139 254 1176 Eandem
275 1139 385 1183 hanc,
406 1139 437 1175 si
457 1139 586 1175 voltis:
619 1139 768 1185 faciam,
789 1152 835 1176 ex
854 1140 1062 1190 Tragoedia.

82 1203 279 1240 Comoedia
298 1210 339 1239 ut
358 1203 418 1247 sit,
439 1203 614 1239 omnibus
635 1203 769 1240 iisdem
789 1204 969 1241 versibus.
1149 1208 1190 1240 55

81 1267 217 1305 Utrum
236 1267 296 1313 sit,
319 1280 364 1303 an
384 1279 473 1312 non,
495 1267 629 1303 voltis?
658 1268 723 1304 sed
744 1280 815 1318 ego
835 1268 995 1315 stultior,

80 1332 206 1372 Quasi
225 1332 393 1368 nesciam
411 1344 476 1367 vos
496 1331 602 1377 velle,
623 1332 687 1380 qui
707 1332 814 1369 divus
834 1333 938 1370 siem.

82 1397 219 1434 Teneo
238 1396 326 1445 quid
349 1396 463 1432 animi
479 1396 597 1445 *vostri
617 1409 728 1445 super
747 1397 818 1434 hac
837 1410 877 1434 re
897 1398 978 1434 siet.

83 1461 241 1498 Faciam
260 1467 301 1497 ut
319 1460 517 1497 commista
537 1460 584 1496 sit
602 1460 982 1510 Tragicocomoedia:

85 1525 187 1562 Nam
206 1537 266 1561 me
284 1532 465 1573 perpetuo
485 1525 608 1561 facere
627 1533 668 1562 ut
687 1526 735 1562 sit
754 1526 964 1572 Comoedia,
1151 1531 1192 1562 60

85 1589 217 1639 Reges
236 1601 310 1637 quo
329 1589 481 1626 veniant
501 1597 537 1626 et
557 1589 620 1635 Di,
641 1602 716 1626 non
736 1603 802 1639 par
823 1591 992 1628 arbitror.

84 1653 195 1694 Quid
214 1653 354 1703 igitur?
383 1654 561 1701 quoniam
580 1654 644 1690 hic
672 1667 798 1691 servos
817 1667 968 1704 quoque
993 1656 1134 1705 parteis

244 1717 367 1763 habet,

88 1781 256 1827 Faciam,
277 1782 337 1828 sit,
357 1783 517 1831 proinde
536 1789 578 1819 ut
597 1783 688 1829 dixi,
709 1783 1081 1833 Tragicocomoedia.

87 1846 204 1884 Nunc
224 1846 297 1882 hoc
315 1859 376 1883 me
395 1860 502 1884 orare
523 1860 544 1883 a
562 1848 668 1884 vobis
683 1848 792 1897 jussit
812 1849 998 1899 Juppiter,

88 1909 140 1948 Ut
158 1910 431 1960 conquisitores
450 1911 588 1962 singuli
609 1913 648 1951 in
666 1913 845 1951 subsellia
1151 1921 1193 1954 65
